5092 6425
641 5293 680 5395 ἱ

688 910 830 954 cxxxvur
1140 885 1474 954 PROLEGOMENA.

958 1091 960 1095 ’
1039 1122 1245 1209 curus
1294 1126 1564 1211 suxruu.

885 1305 942 1369 uu
978 1303 1248 1371 uuruouuus
1286 1303 1464 1371 oseam
1499 1267 1718 1370 uncnoau.
1820 1256 1823 1260 ’

758 1425 813 1492 Qui
834 1426 867 1476 de
882 1425 1019 1478 Macrobii
1037 1426 1169 1494 operibus
1182 1422 1256 1478 bene
1273 1427 1436 1491 meruerint,
1454 1427 1562 1494 etquid
1581 1427 1699 1493 quisque
1717 1426 1750 1476 nd
1771 1441 1803 1475 en
1820 1443 1915 1476 ernen-

690 1512 782 1562 danda
804 1512 971 1577 contulerit,
1001 1512 1253 1565 demonstravimus
1275 1529 1361 1577 supro
1385 1529 1445 1577 cnp.
1469 1512 1513 1563 IV.
1538 1529 1563 1578 p.
1583 1529 1622 1563 nr.
1641 1529 1700 1577 sqq.
1737 1511 1852 1570 Restat,
1884 1519 1915 1561 ut

690 1614 884 1649 enumeremus
908 1598 1062 1662 editiones,
1089 1605 1117 1648 et
1144 1598 1312 1649 adiiciamus
1344 1597 1477 1664 quidquid
1504 1605 1613 1665 praeter
1632 1596 1806 1663 singulorum
1825 1597 1913 1646 libro-

689 1700 750 1734 rum
769 1683 981 1751 inscriptiones,
1013 1700 1083 1750 quas
1101 1683 1161 1735 suis
1180 1684 1250 1735 locis
1269 1683 1430 1750 posuimus,
1462 1684 1496 1734 de
1515 1683 1650 1750 cuiusque
1666 1684 1756 1734 forma
1775 1688 1802 1731 et
1818 1682 1913 1748 speeie

691 1769 840 1819 dicendum
861 1779 902 1822 cst
918 1772 953 1835 ¹).

689 1853 858 1906 vcuuTn
878 1856 899 1908 l.
917 1869 944 1920 tv
965 1856 1009 1907 vei
1029 1857 1083 1920 vl).
1119 1854 1234 1906 Editio
1255 1856 1418 1922 prinecps
1433 1857 1459 1918 2)
1477 1853 1561 1919 (lolia
1579 1851 1710 1903 CLXW
1728 1851 1834 1901 iormoe
1854 1868 1912 1901 mn-

723 1940 825 2002 xirnae,
848 1943 980 2007 equibus
1000 1941 1049 1992 Ili.
1070 1947 1134 2011 sunt
1153 1956 1249 2002 rocus,
1267 1957 1398 1992 versuum
1420 1939 1498 2002 iila).
1516 1937 1727 1989 Subscribiturr
1747 1939 1913 1988 Macrobii

724 2027 850 2076 Aurelii
873 2029 1049 2079 Theodosii
1072 2016 1124 2077 oiri
1140 2027 1286 2077 consularis
1304 2036 1328 2078 et
1346 2028 1458 2077 illustris
1479 2024 1695 2076 Saturnaliorum
1713 2023 1776 2073 libri
1793 2023 1914 2090 impressi

729 2113 849 2163 Veneti
857 2114 884 2164 is
902 2130 981 2183 opero
1000 2121 1024 2164 et
1042 2113 1161 2180 impensa
1182 2112 1208 2162 N
1215 2112 1320 2163 ieoloi
1340 2113 1458 2163 lenson
1476 2110 1582 2162 Gallici.
1611 2109 1647 2159 Μ.
1665 2109 1767 2160 CCCC.
1784 2108 1912 2168 ΗΜ,

725 2196 774 2246 sed
803 2199 929 2249 eontinet
952 2198 1037 2250 etiam
1063 2196 1241 2248 Ciceronis
1261 2196 1436 2247 Somnium
1455 2194 1633 2260 Scipionis
1657 2211 1719 2244 curn
1739 2193 1912 2243 Commen-

726 2282 832 2334 tariis
852 2283 1038 2349 Macrobii,
1057 2280 1171 2333 omissis
1189 2283 1380 2333 tantummodo
1398 2280 1492 2332 verbis
1511 2280 1534 2344 l,
1551 2284 1595 2343 21,
1615 2285 1667 2332 lu:
1691 2279 1751 2348 lege
1769 2281 1913 2330 discurrere

725 2376 752 2418 ct
771 2385 842 2435 quae
859 2377 1013 2438 sequuntur
1032 2368 1171 2435 usquead
1195 2368 1207 2434 ᾗ
1227 2370 1281 2417 lle
1301 2376 1326 2419 et
1345 2369 1395 2418 sibi
1412 2353 1524 2418 invicem
1538 2367 1693 2417 nuntiarent
1710 2373 1743 2415 et.
1778 2364 1912 2415 Saturno-

726 2452 827 2504 liorum
848 2457 913 2507 libri
933 2456 1036 2523 partim
1057 2456 1084 2505 in
1103 2453 1194 2520 capito
1213 2452 1392 2516 dividuntur,
1421 2452 1469 2502 sod
1489 2468 1543 2503 non
1561 2451 1658 2502 eodem
1678 2451 1759 2500 modo
1777 2451 1860 2514 atque
1885 2450 1911 2499 in

725 2538 897 2591 editionibus
921 2540 1136 2592 recentioribus:
1162 2553 1213 2588 uec
1238 2536 1293 2587 nisi
1316 2537 1437 2605 quinque
1456 2535 1557 2603 primis
1582 2535 1665 2604 primi
1684 2535 1751 2586 libri
1771 2536 1912 2600 capitibus

725 2623 864 2676 adduntur
883 2625 999 2676 numeri.
1036 2622 1175 2689 Reliquis,
1194 2628 1227 2671 ut<
1242 2622 1378 2672 librarum
1398 2621 1521 2672 numeris
1541 2627 1569 2671 et
1587 2620 1823 2688 descriptionibus
1841 2637 1912 2685 quae

725 2715 806 2758 erant
824 2708 1041 2762 Commentariis
1060 2707 1214 2772 addendae,
1233 2707 1334 2759 relicta
1351 2698 1416 2759 sunt
1434 2707 1535 2774 spatia.
1571 2706 1647 2758 idem
1667 2708 1771 2758 laetum
1793 2714 1845 2769 est,
1865 2708 1912 2758 ubi

726 2793 832 2845 omisso
852 2803 916 2846 sunt
933 2797 1018 2846 rerba
1035 2795 1159 2857 Graeca,
1181 2809 1253 2859 quse
1272 2793 1378 2845 maiore
1394 2779 1506 2862 quidem
1526 2809 1558 2844 ex
1577 2801 1656 2859 parte
1673 2793 1788 2856 adsunt,
1809 2794 1911 2842 iinme-

725 2878 785 2929 rica
802 2881 979 2947 praesertim,
996 2880 1157 2933 accentibus
1177 2879 1268 2929 minus
1289 2885 1420 2930 accurate
1437 2878 1545 2945 positis.
1583 2868 1796 2948 Ortbograplria
1815 2881 1911 2929 endem

725 2970 768 3014 est
787 2982 856 3030 qunc
877 2966 904 3018 in
923 2966 1066 3018 codicibus
1087 2963 1302 3026 recentioribus,
1330 2965 1384 3016 nisi
1403 2965 1475 3031 qnod
1498 2982 1547 3030 pro
1569 2982 1595 3015 ss
1613 2972 1641 3015 et
1660 2973 1682 3016 tt
1700 2965 1806 3032 legitur
1824 2965 1912 3015 inter·

726 3049 790 3101 dum
811 3070 837 3103 sc
856 3057 884 3104 et
902 3059 939 3115 ct,
962 3057 994 3102 ut
1016 3060 1102 3103 noscet
1122 3057 1150 3100 et
1174 3051 1316 3102 admictere
1360 3049 1531 3116 compendia
1553 3049 1709 3117 scripturae
1733 3049 1912 3101 inveniuntur

726 3134 786 3186 iere
810 3139 908 3189 eodem
927 3142 1009 3203 atque
1029 3138 1057 3188 iu
1078 3136 1223 3188 codicibus
1241 3136 1331 3188 seculi
1353 3136 1413 3187 ΧΠ.
1440 3135 1531 3200 (Coni.
1552 3151 1638 3202 supra
1661 3152 1725 3202 pag.
1744 3135 1803 3198 nu).
1838 3135 1911 3186 Usus
1952 3134 1954 3137 ’

725 3238 786 3273 sum
808 3226 962 3291 exemplari
982 3225 1173 3276 bibliothecae
1188 3222 1390 3274 Universitatis
1408 3221 1609 3289 Erlangeusis,
1639 3223 1726 3287 quod,
1753 3228 1783 3273 ut
1803 3229 1917 3288 ceteros,

726 3309 880 3374 editiones,
900 3311 1005 3363 contuli
1026 3328 1087 3363 curn
1106 3311 1255 3361 Zennianu.

691 3393 895 3449 Brixiensis
915 3397 937 3449 l.
957 3398 1037 3463 (lolia
1056 3394 1164 3447 CXCU
1182 3411 1312 3446 versuum
1332 3392 1490 3457 xxxvii).
1525 3390 1732 3443 Subscribitnrs
1754 3395 1912 3447 Macrobii

630 3527 632 3531 ,
725 3484 859 3534 Aurelii
882 3484 1057 3535 Theodosii
1075 3484 1127 3533 oiri
1145 3480 1292 3534 eonsrrlaris
1310 3479 1466 3540 etillustris
1490 3478 1697 3532 saturnaliorum
1713 3481 1775 3531 libri
1792 3484 1912 3549 impressi

726 3568 851 3620 Brirae
880 3567 945 3631 (sie)
972 3584 1020 3635 per
1050 3568 1209 3619 Boninum
1236 3567 1275 3617 dc
1304 3566 1444 3617 Boniais
1471 3565 1509 3614 de
1534 3565 1701 3631 stagaria.
1743 3567 1781 3617 M.
1807 3570 1910 3620 CCCC.

727 3652 901 3703 cxxxiiii.
924 3653 967 3703 die
993 3653 1037 3703 Vl.
1060 3653 1139 3705 lunii.
1175 3650 1307 3701 Continet
1328 3650 1425 3699 eodem
1452 3665 1524 3714 qrrne
1546 3647 1651 3699 Veneta
1673 3650 1696 3699 l.
1721 3668 1783 3701 cum
1807 3652 1910 3703 iisdem

726 3736 835 3787 lacunis
870 3736 970 3787 iisdem
1004 3735 1236 3803 inscriptionibus
1270 3736 1427 3802 iisdemque
1459 3736 1519 3785 fere
1552 3734 1698 3785 literarum
1728 3729 1910 3805 compendiis.

725 3818 837 3871 Literae
857 3821 982 3874 initiales
1005 3822 1212 3886 desiderantur,
1244 3821 1293 3872 sed
1315 3821 1428 3872 additae
1448 3826 1512 3872 suut
1534 3819 1737 3886 descriptiones
1755 3825 1780 3888 ³)
1801 3827 1911 3878 mathe-

725 3904 846 3956 maticae
866 3913 893 3957 et
915 3906 1139 3975 geographicae,
1169 3915 1197 3957 et
1218 3906 1244 3957 in
1268 3906 1396 3974 margine
1420 3905 1525 3972 passim
1548 3904 1687 3957 indicatur
1706 3918 1910 3975 argumentum.

724 3990 799 4043 Usus
817 4009 878 4045 sum
897 3992 1051 4058 exemplari
1067 3992 1136 4044 bibl.
1154 3993 1235 4045 Univ.
1251 3992 1428 4059 wirceburg.
1797 4009 1799 4012 ·

691 4074 888 4130 Brixiensis
909 4078 949 4129 11.
975 4079 1057 4143 (folio
1077 4078 1233 4130 ΟΜΝΗ
1259 4094 1388 4129 versuum
1409 4076 1568 4142 llxxvii).
1604 4076 1811 4132 Subscribitnr:
1835 4084 1910 4133 Mo-

725 4164 831 4214 crobii
852 4165 987 4216 Aurelii
1011 4165 1187 4217 Theodosii
1211 4165 1264 4215 oiri
1285 4163 1431 4216 consularis
1449 4171 1473 4214 et
1493 4163 1606 4214 illustris
1623 4167 1830 4218 saturnaliorum
1850 4169 1911 4219 libri

724 4249 845 4317 impressi
865 4252 1005 4302 Brixiae
1020 4268 1068 4318 per
1086 4252 1250 4302 Boninam
1269 4250 1305 4300 de
1324 4248 1468 4298 Barcinis
1487 4248 1525 4298 de
1543 4248 1707 4315 Rugosio.
1745 4251 1782 4302 M.
1807 4255 1909 4306 CCCC.

726 4336 837 4388 LXXX.
853 4337 896 4387 die
915 4336 941 4387 X
944 4338 973 4386 V.
993 4336 1067 4388 Maii.
1104 4336 1182 4387 Haec
1200 4351 1233 4387 ex
1249 4332 1441 4386 antecedentis
1458 4333 1612 4399 exemplari
1633 4333 1707 4384 iaetu
1726 4342 1782 4399 est,
1811 4337 1910 4407 inquo

723 4419 926 4471 interciderant
951 4419 1021 4471 folio
1038 4419 1145 4472 xct'n.
1165 4426 1193 4472 et
1204 4418 1348 4479 *xct111.‚
1374 4418 1402 4469 in
1422 4418 1523 4485 quibos
1542 4434 1613 4484 qrrae
1633 4419 1779 4485 leguntur:
1807 4422 1866 4475 Sat.
1887 4425 1909 4488 1,

722 4507 771 4567 24,
789 4507 829 4554 u.
855 4511 885 4556 nt
903 4520 987 4571 paene
1003 4506 1069 4559 vitio
1085 4508 1179 4560 mentis
1196 4520 1285 4574 usque
1309 4504 1344 4556 ad
1363 4502 1405 4569 11,
1417 4506 1448 4567 2,
1466 4507 1491 4557 4.
1513 4511 1538 4557 et
1554 4504 1695 4558 nouissime
1711 4504 1814 4558 domum
1831 4526 1908 4575 quae,

761 4723 785 4785 ¹)
812 4723 925 4777 Nullam
952 4727 1045 4794 recepi
1069 4728 1221 4781 editionem
1245 4727 1312 4795 quin
1335 4734 1385 4780 sut
1407 4728 1528 4780 babeam
1555 4727 1615 4794 ipse
1641 4732 1690 4779 aut
1715 4725 1835 4781 viderim
1862 4739 1911 4785 ant

690 4791 868 4857 cognoverim
894 4809 956 4844 esse
981 4795 1008 4845 in
1036 4800 1114 4847 certa
1139 4797 1235 4862 aliqua
1261 4796 1444 4848 bibliotheca.
1483 4795 1514 4846 In
1540 4796 1640 4861 quibus
1669 4795 1743 4847 nihii
1771 4799 1911 4851 eiusmodi

688 4857 835 4920 adnotavi,
861 4875 910 4911 eae
931 4862 958 4910 in
981 4878 1042 4911 meo
1064 4868 1129 4913 sunt
1146 4869 1294 4930 apparatu.
1329 4864 1447 4932 Signum
1467 4862 1481 4892 *
1499 4863 1631 4915 foliorum
1650 4880 1767 4916 numero
1784 4867 1911 4919 additum

688 4923 833 4993 significat
849 4943 993 4978 numerum
1012 4928 1039 4979 in
1058 4930 1191 4983 editionis
1208 4931 1331 4998 singulis
1349 4932 1427 4984 toliis
1444 4947 1497 4983 noa
1517 4948 1581 4982 esse
1594 4939 1731 4984 notatum.

758 4996 785 5055 ²)
822 4994 878 5045 Aut
919 5000 1087 5061 putaverunt
1128 4998 1281 5050 editionem
1320 4998 1477 5067 principem
1518 4999 1658 5065 prodiisse
1702 5008 1768 5053 ante
1808 5018 1910 5053 sunum

689 5058 933 5114 Mccccuxvtu.
952 5063 1001 5115 sed
1022 5064 1077 5117 vid.
1095 5082 1180 5132 supra
1197 5084 1225 5133 p.
1244 5081 1284 5117 ιι.

759 5130 783 5192 ³)
801 5130 831 5181 ln
848 5129 902 5182 hoc
919 5131 1053 5198 editione,
1071 5141 1102 5186 ut
1120 5134 1148 5185 in
1167 5134 1350 5199 sequentibus
1368 5133 1415 5196 (ex
1434 5132 1472 5185 iis
1489 5150 1607 5200 quarum
1626 5134 1785 5201 scripturae
1804 5135 1912 5186 disere·

688 5194 813 5273 psntiam
831 5198 937 5251 inserui
956 5202 1106 5267 apparatui
1125 5201 1223 5253 critico
1246 5203 1353 5267 vti-g),
1371 5200 1642 5253 Commentariorum
1661 5202 1734 5254 libro
1752 5203 1789 5253 11.
1808 5218 1868 5270 cap.
1887 5207 1912 5255 2.

688 5267 702 5327 ς
723 5266 763 5315 16.
780 5265 915 5320 inseritur
932 5269 1087 5337 descriptio
1105 5286 1284 5322 numerorum
1301 5268 1431 5322 Plutonis
1449 5284 1533 5334 quam
1553 5270 1665 5336 signavi
1687 5274 1743 5336 la,
1760 5278 1912 5339 propterea

688 5333 761 5395 quod
778 5334 805 5387 in
823 5336 901 5392 nullo
919 5336 1016 5391 codiee
1030 5355 1114 5395 manu
1132 5338 1240 5405 scripto
1258 5353 1322 5391 eam
1338 5353 1384 5389 me
1401 5335 1498 5390 ridere
1516 5336 1642 5389 memini.
