5092 6425
654 910 742 955 mn
1041 869 1049 895 ²
1099 877 1435 949 PROLEGOMENA.

654 1057 810 1122 invenitur,
836 1052 965 1108 nonnisi
987 1051 1070 1106 unius
1089 1051 1196 1106 codicis
1215 1068 1300 1104 mauu
1318 1048 1418 1118 scripti
1432 1047 1499 1113 (Pe)
1518 1047 1690 1101 anctoritate
1709 1046 1825 1112 nititur,
1853 1055 1879 1102 et

655 1150 772 1216 apparet
794 1140 923 1210 inprimis
946 1155 980 1191 cr
1004 1137 1057 1191 illa
1082 1135 1302 1205 disputationum
1326 1138 1360 1189 de
1381 1134 1503 1204 Virgilio
1522 1135 1717 1187 habendarum
1734 1151 1878 1186 enumera·

655 1233 742 1293 tione,
759 1244 830 1296 qnae
847 1225 953 1294 legitur
971 1222 1000 1276 in
1019 1222 1087 1276 libri
1103 1223 1125 1274 1.
1145 1221 1237 1290 capite
1255 1225 1299 1287 st,
1317 1226 1376 1272 tnm
1393 1221 1505 1273 demum
1523 1236 1584 1272 earn
1604 1237 1667 1271 esse
1682 1220 1800 1283 luctam,
1819 1237 1878 1271 cnm

654 1324 749 1386 partes
764 1330 815 1367 eae
838 1309 949 1378 operis,
971 1324 1042 1375 quae
1060 1307 1090 1361 in
1111 1308 1240 1360 omnibus
1259 1313 1288 1360 et
1306 1304 1524 1374 manuscriptis
1542 1311 1571 1358 et
1589 1305 1665 1373 typis
1683 1305 1769 1357 editis
1788 1294 1878 1358 exem'·

654 1403 784 1472 pluribus
804 1397 1011 1459 desiderantur,
1028 1377 1085 1447 idm
1105 1401 1200 1446 essent
1214 1394 1349 1461 perditae.

723 1489 764 1539 lle
786 1484 823 1537 iis
840 1486 934 1536 autern
951 1494 1023 1547 quae
1040 1479 1185 1548 deperdita
1204 1484 1269 1531 sunt
1284 1478 1391 1546 primus
1404 1476 1807 1531 ArnoldusVesaliensis
1820 1476 1878 1545 (qui

655 1575 746 1628 edidit
761 1567 935 1624 blncrobiarn
955 1563 1089 1617 Coloniae
1105 1565 1227 1617 llllllllll
1246 1570 1275 1617 et
1291 1564 1459 1630 Mllllllvl.)
1478 1565 1612 1616 nonnulla
1629 1563 1791 1628 adnotavit,
1810 1579 1879 1631 quas

655 1678 673 1715 g
692 1658 856 1712 camerario
875 1657 903 1706 et
925 1650 990 1703 aliis
1010 1657 1076 1704 sunt
1097 1656 1220 1718 recepta.
1260 1650 1417 1703 Divisinnis
1441 1648 1521 1702 illius
1545 1666 1595 1718 per
1620 1649 1681 1703 dics
1707 1649 1815 1719 primns
1837 1666 1880 1702 ra-

656 1747 761 1799 tionem
784 1740 885 1796 babuit
904 1736 1100 1789 [rudovicus
1120 1735 1241 1789 (lartio
1264 1735 1293 1788 in
1315 1735 1438 1788 editione
1457 1752 1490 1788 ea
1510 1751 1583 1803 quae
1603 1737 1677 1788 solet
1698 1737 1794 1789 vocari
1817 1737 1879 1790 Ste-

656 1830 797 1899 phaniana
818 1824 919 1895 (Paris.
938 1820 1152 1886 utubxxxb),
1178 1821 1227 1873 sed
1253 1821 1325 1874 satis
1344 1821 1540 1890 negligenter,
1568 1823 1670 1875 tribuit
1690 1823 1765 1874 enirn
1789 1822 1879 1891 primo

656 1915 714 1969 diei
732 1915 836 1967 librum
856 1911 991 1979 primurn,
1011 1906 1132 1959 secunda
1151 1905 1255 1958 librum
1273 1909 1427 1960 secandam
1445 1913 1474 1959 et
1490 1910 1537 1974 (ox
1557 1924 1653 1960 errore
1669 1908 1796 1974 ridetur,
1814 1908 1879 1976 quis

656 2001 757 2056 tertius
773 2000 833 2051 dies
851 1994 1003 2061 omittitur)
1021 1993 1144 2056 tertium,
1158 1999 1258 2058 quarto
1279 1991 1384 2046 librum
1401 1999 1547 2060 quartum,
1564 1993 1661 2061 quinto
1679 1993 1782 2045 libram
1800 1993 1881 2062 quiu-

657 2092 727 2152 lum,
742 2092 770 2139 et
786 2085 815 2136 in
829 2080 938 2136 ultimis
952 2080 1059 2132 dnobus
1078 2077 1160 2129 libris
1175 2078 1284 2129 nullum
1302 2078 1375 2130 diem
1392 2079 1508 2130 nutarit
1534 2079 1596 2130 Hoc
1611 2095 1665 2130 non
1683 2085 1760 2130 recte
1775 2079 1880 2130 lactans

656 2189 720 2225 esse
732 2170 803 2222 vidit
814 2169 860 2221 lo.
871 2168 979 2220 Isaac.
991 2166 1175 2224 Pantanus,
1190 2163 1249 2229 (qui
1260 2163 1433 2216 Macrobinm
1445 2162 1534 2216 edidit
1543 2164 1633 2232 bugd.
1643 2163 1705 2220 But.
1715 2164 1878 2217 uuxcvn.

657 2264 686 2311 et
700 2253 935 2309 Mucxxvllln=
954 2251 1018 2303 idea
1036 2247 1235 2316 inscriptiones
1247 2249 1358 2316 quidem
1377 2250 1513 2302 librorum
1532 2266 1584 2302 nnn
1598 2251 1726 2322 mutauit,
1738 2250 1794 2302 nisi
1808 2251 1878 2318 quud

656 2342 686 2396 in
705 2343 779 2395 libro
795 2342 825 2393 V.
844 2337 901 2392 diei
919 2333 1155 2406 significationem
1175 2333 1272 2386 amisit
1290 2341 1319 2387 et
1333 2336 1482 2404 septimum
1502 2336 1605 2389 librans
1624 2336 1783 2403 inscripsit:
1812 2337 1879 2389 Con·

656 2429 788 2480 vivianam
802 2424 958 2494 postremi
976 2423 1030 2475 dici
1050 2421 1265 2473 Saturnaliorum
1281 2421 1345 2473 liber
1364 2423 1506 2490 septimus,-
1523 2423 1572 2474 sed
1592 2423 1738 2474 adnotavit
1761 2422 1796 2474 orl
1813 2420 1881 2473 libri

656 2513 694 2565 11.
713 2510 939 2577 inscriptionem:
964 2506 1064 2571 „Haec
1082 2505 1272 2558 conviviorum
1297 2505 1325 2556 in
1344 2505 1404 2558 dies
1424 2505 1557 2559 discretio
1575 2507 1712 2576 Stephani
1731 2507 1820 2560 solius
1838 2506 1880 2558 in·

657 2600 770 2649 rentum
787 2599 838 2645 est.
873 2591 996 2645 Secundi
1011 2590 1060 2641 bic
1076 2589 1134 2642 diei
1152 2595 1319 2642 conventum
1335 2590 1413 2655 iecit,
1432 2591 1479 2658 qni
1502 2609 1601 2645 revera
1617 2593 1709 2645 adhue
1726 2593 1812 2660 primi
1829 2598 1880 2647 est.

657 2681 719 2733 Hoc
743 2678 768 2732 si
792 2677 863 2730 milri
886 2695 939 2730 non
964 2673 1105 2735 creditur,
1136 2674 1268 2726 credatur
1290 2676 1336 2727 vel
1358 2677 1458 2729 exodio
1476 2677 1542 2730 libri
1566 2679 1728 2746 praemissi,
1754 2679 1802 2730 abi
1827 2695 1880 2730 uon

657 2765 800 2818 discessus
818 2762 968 2826 indicitur,
996 2760 1045 2812 sed
1064 2759 1099 2811 ad
1122 2760 1221 2826 epulas
1239 2765 1268 2812 et
1288 2761 1389 2828 pncnln
1406 2778 1564 2816 concessus.
1599 2764 1640 2815 lle
1659 2771 1752 2816 cetero
1771 2780 1822 2815 suo
1838 2762 1882 2815 ri-

658 2850 787 2905 debimus
811 2851 903 2902 laco.“
937 2847 1025 2914 quue
1045 2861 1096 2897 suo
1118 2844 1181 2897 iure
1204 2838 1301 2899 lecitr'
1317 2849 1367 2900 scd
1385 2847 1448 2916 ipse
1467 2866 1520 2902 nun
1538 2849 1629 2902 solnm
1648 2848 1735 2903 alium
1755 2864 1880 2900 errorem

656 2936 782 3001 admisit,
793 2937 841 2988 sed
854 2934 939 2988 etiarn
953 2932 1081 2986 lraudsm
1098 2929 1249 2994 cummisit,
1263 2937 1294 2983 nt
1311 2933 1404 2986 omnia
1419 2934 1560 3002 probabili
1574 2936 1693 3001 quodam
1706 2935 1788 2986 mado
1806 2933 1882 2986 ordi-

657 3028 747 3074 narat·
782 3019 922 3074 Adnexuit
940 3017 1014 3071 enim
1030 3013 1167 3068 adfinem
1187 3015 1255 3068 libri
1273 3017 1310 3084 ll,
1328 3019 1376 3071 ubi
1395 3019 1491 3073 videas
1508 3019 1569 3073 aias
1584 3019 1803 3082 adnotationem,
1818 3024 1881 3070 octo
1924 3054 1930 3068 .

657 3107 758 3160 ultima
773 3105 841 3158 libri
858 3105 909 3157 lll.
926 3103 1030 3171 capita,
1045 3116 1116 3169 quac
1126 3101 1275 3169 Anglicani
1293 3105 1400 3159 codicis
1416 3105 1521 3158 iudicio
1538 3107 1594 3158 buc
1607 3123 1670 3158 esse
1686 3105 1883 3158 transferenda

658 3192 814 3256 contendit,
842 3196 927 3259 atque
944 3189 981 3243 ad
1000 3203 1095 3240 eornm
1113 3187 1196 3239 linem
1217 3189 1377 3243 adnotavit:
1406 3190 1483 3257 „Nec
1501 3193 1596 3245 turbet
1613 3208 1710 3259 quern,
1734 3191 1807 3259 quud
1827 3207 1880 3243 uon

657 3278 844 3347 Symmachus
861 3276 991 3348 sequenti
1007 3272 1103 3327 statim
1123 3274 1207 3337 libro,
1218 3275 1267 3327 sed
1279 3277 1474 3330 Praetextatus
1493 3277 1599 3345 eloquii
1619 3282 1713 3345 parles
1732 3277 1881 3329 sustineat.

657 3362 706 3417 Fit
723 3361 864 3417 autemid
886 3364 965 3428 ideo,
994 3360 1066 3429 quud
1090 3358 1158 3412 libri
1175 3359 1298 3429 quiaque
1315 3361 1418 3429 reliqui
1436 3362 1518 3414 unius
1536 3368 1702 3427 conventus,
1726 3362 1755 3414 id
1773 3367 1818 3413 est
1836 3378 1881 3413 ss·

657 3450 742 3502 cundi
766 3448 838 3512 diei,
860 3466 952 3503 sermo
969 3447 1034 3501 sint.
1070 3447 1198 3512 Qustunr
1217 3464 1329 3512 corum,
1356 3447 1384 3501 id
1408 3454 1451 3500 est
1468 3447 1568 3502 tertiae
1586 3443 1702 3515 quartus
1721 3447 1835 3515 quintae
1853 3452 1881 3499 st

656 3541 769 3597 sextus,
794 3540 860 3587 ante
879 3532 1072 3587 caenationem
1096 3532 1130 3583 da
1149 3532 1462 3601 lilarnnepertractant.
1496 3534 1639 3601 Septimus
1659 3533 1770 3585 tandem
1791 3531 1881 3600 ipsine

657 3618 779 3671 convivii
804 3634 964 3670 consessum
987 3622 1017 3669 et
1037 3632 1194 3668 sermonem
1216 3618 1353 3681 continet,
1382 3624 1466 3685 atqua
1492 3619 1531 3671 ibi
1553 3618 1741 3687 Symmachus
1769 3616 1881 3670 dicendi

657 3701 744 3766 vices,
762 3718 832 3769 quas
850 3700 897 3752 bic
913 3700 1040 3769 epularis
1059 3705 1088 3751 et
1107 3700 1204 3752 varius
1222 3702 1256 3754 ad
1274 3720 1337 3755 curn
1356 3720 1448 3755 sermo
1466 3705 1645 3771 perduxerat,
1663 3702 1793 3757 assumit·
1818 3703 1880 3755 llac

657 3787 844 3840 annotandum
861 3786 972 3848 censui,
993 3784 1128 3851 quianon
1147 3786 1218 3838 satis
1235 3787 1307 3839 baec
1323 3789 1474 3853 huctando,
1494 3790 1579 3842 immo
1597 3789 1708 3842 omnino
1727 3806 1780 3841 non
1799 3806 1881 3855 spec-

657 3876 717 3925 tata
741 3873 838 3925 sunt.“
882 3871 974 3938 Quum
1001 3869 1090 3920 semel
1114 3870 1255 3939 colloquia
1281 3875 1403 3926 secundo
1428 3873 1474 3926 die
1498 3880 1562 3941 post
1586 3891 1700 3926 coenam
1725 3875 1827 3927 habita
1850 3874 1879 3926 in

657 3956 778 4024 primurn
797 3962 893 4009 essent
910 3955 1061 4019 translata,
1079 3969 1146 4006 sane
1165 3955 1219 4009 duo
1237 3963 1344 4011 tantum
1362 3960 1422 4011 dies
1441 3959 1540 4011 conlici
1558 3965 1696 4027 poterant.
1731 3960 1786 4012 Sed
1806 3961 1880 4012 Pon·

656 4047 740 4095 tanus
759 4042 819 4111 ipse
836 4041 909 4097 vidit
932 4047 1004 4105 tres,
1028 4056 1081 4092 nou
1101 4040 1169 4104 duo,
1193 4041 1418 4097 Saturnaliornm
1439 4044 1499 4096 dics
1518 4061 1582 4096 esse
1598 4046 1813 4113 computandus,
1836 4044 1880 4097 vi-

657 4127 699 4181 dit
716 4146 768 4181 non
786 4144 877 4197 pauca
894 4129 1008 4190 deesse,
1036 4142 1126 4193 neque
1146 4133 1238 4181 temen
1258 4129 1351 4197 operis
1369 4129 1454 4183 totius
1473 4129 1622 4183 consilium
1643 4130 1800 4198 perspexit,
1830 4135 1880 4182 aut

657 4229 752 4266 eorum
777 4214 914 4267 rationem
939 4212 1052 4280 babuit,
1079 4229 1151 4280 qnae
1175 4215 1209 4268 de
1232 4233 1265 4268 eo
1287 4214 1448 4269 Macrobius
1470 4214 1532 4282 ipse
1558 4214 1679 4268 inseruit
1701 4216 1769 4268 libri
1792 4214 1878 4283 primi

657 4298 744 4366 capiti
764 4299 878 4352 ultimae
903 4300 997 4365 itaque
1012 4315 1071 4360 rcrn
1087 4298 1245 4365 levissimo,
1270 4316 1305 4350 ue
1323 4299 1414 4352 dicam
1433 4299 1692 4367 impudentissimo,
1716 4301 1812 4366 modo,
1836 4299 1879 4352 sic

657 4380 796 4446 instituit,
831 4388 863 4433 ut
892 4384 1008 4435 vulnera
1040 4382 1150 4436 inflicta
1178 4382 1312 4453 temporis
1339 4382 1446 4435 invidia
1472 4384 1556 4438 tertio
1582 4385 1656 4438 libro
1675 4385 1711 4437 -in
1738 4384 1879 4453 principio

656 4472 685 4518 at
716 4465 850 4532 (demptis
885 4471 949 4517 octo
985 4464 1046 4518 illis
1080 4468 1246 4535 capitibus),
1277 4469 1306 4521 in
1334 4467 1404 4532 line,
1435 4475 1535 4536 quarto
1565 4470 1640 4523 libro
1672 4470 1700 4522 in
1729 4468 1880 4539 principio,

655 4555 734 4601 sextu
750 4550 779 4601 in
799 4548 870 4614 fine,
899 4568 952 4604 nnn
972 4558 1085 4605 sanaret
1113 4553 1153 4620 (id
1173 4554 1246 4607 enim
1266 4552 1329 4606 lieri
1354 4570 1408 4605 non
1432 4555 1548 4622 potuit),
1575 4557 1624 4609 sed
1649 4556 1797 4623 obtegeret
1819 4555 1881 4607 toa·

655 4632 699 4685 dis
722 4633 889 4700 quibusdam
919 4636 1051 4689 lacinulis
1076 4656 1110 4691 ex
1140 4639 1192 4693 illo
1222 4639 1318 4692 codice
1346 4637 1589 4709 Cantabrigiensi,
1621 4646 1653 4693 ut
1681 4639 1736 4703 ait,
1770 4639 1881 4708 petitis,

656 4722 686 4770 et
716 4720 843 4771 studeret
868 4723 988 4786 probare
1013 4722 1187 4776 Macrobinrn
1211 4723 1360 4792 scripsisse
1386 4729 1516 4777 octamm
1547 4724 1652 4777 librum
1680 4741 1753 4776 nunc
1779 4726 1881 4793 deper-

655 4802 757 4868 ditum,
787 4806 835 4874 qui
861 4806 1047 4859 continuisset
1069 4807 1147 4860 tertii
1170 4808 1227 4861 diei
1250 4808 1401 4876 colloquia.
1449 4808 1550 4876 quue,
1578 4825 1641 4861 cnm
1667 4808 1787 4861 vidisset
1812 4825 1881 4860 nus·

655 4906 738 4956 quarn
759 4892 818 4958 legi
835 4891 966 4945 Flaviani
986 4891 1202 4963 disputationem
1219 4895 1254 4947 de
1269 4894 1385 4963 Virgilii
1400 4892 1519 4947 scicntia
1537 4893 1608 4946 iuris
1630 4895 1791 4962 auguralis,
1811 4893 1881 4948 lecit

653 5037 753 5092 habet:
775 5044 870 5112 incipit
887 5046 952 5096 liber
970 5046 1039 5097 llll.
1056 5045 1214 5097 dediceretis
1230 5048 1435 5113 quaestionibus,
1452 5046 1480 5096 in
1500 5044 1556 5095 lina
1574 5044 1653 5096 nnlls
1673 5050 1717 5097 est
1733 5045 1880 5113 subscrip·

653 5107 701 5159 tio.
737 5109 834 5163 Habes
859 5129 928 5180 ergo
950 5111 1178 5165 distributionem
1196 5112 1224 5163 in
1244 5114 1332 5166 libros
1351 5115 1395 5164 IV.
1432 5114 1494 5164 ulta
1510 5112 1673 5165 distributio
1695 5113 1723 5164 in
1751 5112 1881 5165 librosV

652 5175 760 5243 legitur
777 5178 807 5230 in
824 5181 968 5232 codicibus
984 5181 1032 5232 Ma
1049 5186 1078 5231 et
1090 5181 1129 5232 Pr
1146 5182 1243 5231 seculo
1260 5180 1316 5231 XV.
1334 5180 1459 5247 scriptis.
1493 5180 1525 5231 ln
1543 5180 1589 5231 liis
1607 5178 1681 5231 enim
1700 5181 1766 5231 libri
1786 5181 1831 5233 lV.
1846 5180 1879 5232 V.

651 5243 697 5361 gl.
718 5244 846 5300 alliciunt
865 5266 950 5303 unum
969 5249 1074 5302 librum
1096 5248 1155 5313 lv„
1189 5253 1218 5301 ct
1239 5247 1314 5300 liber
1338 5248 1397 5301 Vll.
1420 5248 1525 5301 dicitur
1546 5264 1609 5300 esse
1636 5247 1711 5301 liber
1730 5248 1760 5298 V.
1785 5254 1815 5301 et
1833 5248 1879 5299 nl-

674 5328 746 5365 mus.
