5092 6425
802 891 939 980 COMM.
958 891 1003 960 IN
1025 890 1151 961 SOMN.
1172 889 1270 958 SClP.
1314 893 1389 957 LIB.
1410 893 1434 957 Ι.
1477 891 1568 960 CAP.
1588 894 1677 962 xlx.
1764 896 1825 962 105

651 1086 739 1132 orem
766 1063 906 1129 ordinem
929 1059 1147 1147 deprehendit,
1186 1083 1278 1148 quem
1302 1070 1424 1149 praeter
1445 1063 1619 1148 indaginem
1643 1064 1726 1130 visus
1748 1064 1824 1131 haec

651 1170 779 1238 quoque
801 1149 880 1213 ratio
902 1147 1112 1223 commendat,
1146 1148 1229 1232 quod
1256 1149 1377 1225 lunam,
1408 1168 1487 1246 quae
1507 1149 1575 1246 luce
1598 1151 1722 1235 propria
1742 1161 1826 1216 caret

652 1245 685 1302 et
705 1237 742 1300 de
766 1234 831 1299 sole
851 1241 1020 1308 mutuatur,
1043 1252 1168 1296 neeesse
1189 1241 1236 1297 est
1253 1233 1331 1297 fonti
1351 1234 1475 1298 luminis
1494 1254 1542 1297 sur
1563 1255 1630 1298 esse
1647 1235 1825 1300 subiectam.

651 1323 737 1387 Haec
759 1320 842 1384 enim
866 1319 943 1383 ratio
966 1317 1037 1381 lacit
1058 1317 1163 1381 lunam
1186 1339 1248 1382 non
1272 1318 1386 1382 habere
1410 1318 1513 1382 lumen
1535 1319 1708 1403 proprium,
1745 1329 1825 1385 cete·
1854 1323 1876 1388 9

653 1428 703 1471 ras
725 1426 835 1471 omnes
857 1404 959 1468 stellas
982 1403 1084 1466 lucere
1107 1423 1180 1480 suo,
1219 1403 1301 1488 quod
1322 1403 1392 1466 illae
1418 1424 1510 1487 supra
1530 1403 1626 1467 solem
1651 1405 1768 1470 locatae
1792 1406 1842 1470 in'

654 1492 721 1577 ipso
743 1489 908 1575 purissimo
930 1487 1054 1552 aethere
1075 1494 1162 1563 sunt,
1180 1487 1212 1550 in
1233 1509 1296 1573 quo
1317 1508 1424 1564 omne,
1446 1487 1592 1586 quicquid
1615 1498 1677 1566 est,
1699 1491 1752 1555 lux
1772 1513 1825 1555 na·

655 1576 762 1642 turalis
785 1583 817 1640 et
837 1595 892 1638 sua
915 1582 977 1649 est,
1008 1593 1087 1656 quae
1110 1581 1174 1636 tota
1196 1593 1265 1636 cum
1289 1573 1360 1657 igne
1380 1594 1437 1637 suo
1456 1581 1498 1637 ita
1518 1573 1664 1657 sphaerae
1686 1576 1759 1639 solis
1779 1575 1826 1639 in·

657 1661 789 1736 cumbit,
828 1666 864 1723 ut
884 1658 958 1723 caeli
980 1677 1074 1721 zonae
1096 1677 1175 1740 quae
1195 1658 1301 1742 procul
1324 1679 1341 1722 a
1365 1658 1430 1722 sole
1450 1665 1523 1722 sunt
1543 1667 1692 1743 perpetuo
1713 1660 1826 1744 lrigore
1877 1691 1883 1698 ·

656 1769 695 1832 op
718 1766 821 1810 ressae
842 1743 920 1820 sint,
942 1741 1021 1806 sicut
1042 1740 1120 1806 inira
1140 1743 1336 1807 ostendetur:
1378 1743 1450 1807 luna
1471 1764 1561 1819 vero,
1584 1743 1657 1828 quia
1677 1744 1741 1809 sola
1761 1746 1826 1830 ipsa
1838 1749 1878 1812 10

657 1769 716 1897 sub
736 1830 801 1895 sole
823 1836 870 1893 est
891 1835 923 1892 et
942 1826 1126 1900 caducorum
1151 1827 1212 1891 iam
1233 1826 1352 1911 regioni
1373 1827 1441 1893 luce
1463 1849 1518 1893 sua
1539 1829 1654 1893 carenti
1677 1831 1833 1913 proxima,

659 1917 760 1981 lucem
779 1913 837 1978 nisi
858 1913 897 1976 de
917 1911 1111 1996 superposito
1130 1911 1203 1988 sole,
1222 1913 1270 1978 cui
1290 1912 1474 1998 resplendet,
1493 1913 1606 1979 habere
1626 1936 1689 1979 non
1710 1915 1828 2000 potuit:

659 2001 793 2085 denique
841 1998 893 2064 uia
919 1997 1015 2061 totius
1042 1996 1149 2060 mundi
1177 1997 1238 2062 ima
1260 2018 1331 2082 pars
1353 2005 1436 2061 terra
1464 2004 1525 2075 est,
1562 1999 1695 2064 aetheris
1723 2008 1827 2065 autem

660 2086 721 2150 ima
741 2020 908 2170 parsluna
929 2089 986 2157 est,
1009 2081 1112 2145 lunem
1134 2102 1258 2166 quoque
1280 2091 1404 2158 terram,
1427 2082 1480 2145 sed
1501 2083 1679 2160 aetheriam,
1701 2106 1827 2150 vocave-

659 2178 742 2235 runt.
784 2167 944 2233 lnmobilis
966 2174 1080 2243 tamen,
1098 2173 1134 2230 ut
1155 2175 1247 2243 terra,
1270 2187 1337 2230 esse
1358 2186 1420 2230 non
1440 2167 1549 2250 potuit,
1571 2169 1643 2252 quia
1665 2169 1697 2232 in
1719 2169 1876 2254 sphae·ll

660 2276 696 2319 ra
718 2275 796 2338 quae
814 2253 945 2318 volvitur
970 2251 1045 2315 nihil
1069 2261 1172 2315 manet
1192 2250 1340 2314 inmobile
1362 2258 1484 2336 praeter
1504 2259 1659 2316 centrum:
1700 2254 1828 2318 munda·

663 2360 720 2403 nae
742 2347 847 2402 autem
870 2336 1016 2421 sphaerae
1039 2344 1120 2400 terra
1142 2343 1283 2401 eentmm
1305 2341 1366 2399 est:
1406 2335 1475 2398 ideo
1496 2335 1561 2400 sola
1583 2336 1738 2402 inmobilis
1759 2358 1828 2421 per·

662 2430 791 2489 severat.
832 2423 951 2486 Rursus
972 2429 1055 2486 terra
1075 2429 1199 2505 accepto
1219 2420 1292 2484 solis
1312 2418 1428 2483 lumine
1450 2419 1589 2485 clarescit
1606 2423 1880 2501 tantummodo,12
1972 2412 1974 2415 ’

663 2531 725 2573 non
748 2507 879 2580 relucet;
920 2506 994 2570 luna
1020 2505 1135 2591 speculi
1165 2506 1261 2570 instar
1289 2504 1393 2568 lumen
1421 2525 1483 2589 quo
1506 2505 1677 2571 illustratur
1700 2508 1828 2572 emittit:

663 2594 733 2681 quia
757 2593 807 2657 illa
825 2591 904 2658 aeris
926 2598 957 2656 et
977 2611 1084 2675 aquae,
1105 2612 1184 2676 quae
1203 2611 1259 2675 per
1280 2610 1313 2654 se
1330 2597 1472 2655 concreta
1493 2598 1525 2655 et
1545 2590 1639 2656 densa
1658 2600 1740 2668 sunt,
1761 2592 1829 2657 laer

661 2679 792 2743 habetur
815 2684 847 2742 et
868 2676 937 2741 ideo
960 2684 1098 2741 extrema
1119 2676 1260 2741 vastitate
1288 2675 1413 2739 denseta
1441 2682 1489 2739 est
1514 2697 1571 2740 nec
1596 2679 1678 2742 ultra
1701 2679 1829 2763 superfi-

662 2764 738 2828 ciem
761 2762 868 2848 quavis
887 2762 956 2826 luce
978 2769 1172 2847 penetratum
1188 2834 1189 2838 Ἰ
1205 2760 1297 2839 haec,
1323 2759 1393 2825 licet
1414 2768 1447 2824 et
1466 2760 1531 2846 ipsa
1552 2761 1621 2826 finis
1641 2763 1696 2841 sit,
1717 2763 1771 2828 sed
1793 2763 1830 2827 li·

664 2848 861 2933 quidissimae
883 2846 960 2911 lucis
982 2853 1014 2910 et
1035 2845 1113 2930 ignis
1135 2843 1278 2922 aetherii,
1304 2844 1386 2923 ideo,
1414 2845 1554 2930 quamvis
1575 2847 1699 2913 densius
1719 2869 1831 2933 corpus

663 2934 702 2998 sit
721 2955 813 3018 quarn
833 2938 934 2998 cetera
953 2931 1106 3008 caelestia,
1125 2931 1224 2996 multo
1243 2938 1348 2995 tamen
1364 2939 1489 2995 terreno
1506 2932 1615 3016 purius
1636 2934 1670 2997 fit
1688 2941 1882 3020 acceptaepe}

662 3018 723 3083 luci
742 3017 932 3104 penetrabile
954 3017 1048 3096 adeo,
1080 3024 1117 3082 ut
1138 3037 1205 3082 eam
1236 3015 1274 3080 de
1295 3035 1328 3079 se
1349 3036 1456 3081 rursus
1477 3017 1610 3096 emittat,
1641 3019 1761 3085 nullum
1783 3026 1829 3083 ta·
1913 3039 1922 3070 -·

1458 3205 1542 3268 [Edd.
1560 3205 1764 3275 vicuhgspdzb.

664 3291 1224 3360 τηοῑίονοτη)1“811111η.(ο1ις11111130.
1258 3291 1405 3343 meliorem
1418 3289 1569 3342 R2Edd.G.
1605 3294 1744 3345 aeriorem
1759 3293 1833 3344 Bar.

664 3361 735 3413 Bru.
756 3386 790 3398 -
831 3376 916 3425 noque
931 3361 1004 3411 visus
1019 3360 1084 3411 haee
1100 3361 1171 3411 retia
1189 3360 1239 3409 Rt.
1261 3387 1295 3397 -
1318 3359 1385 3426 qaia
1404 3364 1480 3423 (sup.
1498 3358 1539 3408 vei
1557 3361 1640 3425 quod)
1659 3360 1690 3411 F,
1713 3388 1744 3397 -
1768 3376 1833 3427 pro-

664 3430 726 3496 pria
743 3429 799 3477 luce
851 3429 874 3473 t.
897 3452 932 3463 -
951 3434 1150 3491 permutaretur
1170 3425 1240 3477 1112.
1262 3453 1297 3465 -
1316 3428 1359 3477 eui
1374 3426 1480 3476 luminis
1496 3424 1569 3475 rm.
1595 3453 1629 3465 -
1651 3428 1835 3479 adhaerere

665 3496 809 3546 sribiectem
823 3491 967 3542 Bru-Ban-
1118 3499 1145 3546 9.
1180 3495 1313 3561 quoditie
1330 3492 1358 3544 S.
1394 3494 1463 3559 puori
1481 3493 1542 3558 ipre
1560 3492 1591 3543 F.
1612 3520 1645 3531 -
1662 3496 1725 3547 eolis
1743 3511 1836 3563 sperae

667 3561 719 3609 Rl.
739 3585 774 3597 -
796 3566 826 3609 ut
843 3559 922 3609 caele
940 3575 1023 3609 zenae
1041 3558 1112 3611 Bere.
1138 3589 1171 3600 -
1197 3579 1265 3629 puae
1281 3568 1342 3614 eunt
1362 3561 1456 3627 procul
1472 3577 1490 3610 a
1507 3561 1562 3611 rote
1585 3559 1639 3612 CF.
1793 3567 1835 3614 10.

667 3628 731 3677 lane
756 3641 882 3692 quoque
905 3642 988 3693 puae
1011 3628 1068 3679 eote
1090 3627 1122 3679 0.
1145 3657 1180 3671 -
1201 3629 1261 3697 ipra
1285 3645 1339 3680 ern.
1360 3629 1411 3679 111.
1447 3626 1529 3691 „Nisi
1547 3629 1630 3680 malie
1648 3629 1753 3681 erroris
1771 3628 1836 3681 inti·
1914 3626 1917 3631 ’

666 3695 775 3745 mertare
793 3693 981 3759 Maerentem,
1000 3694 1078 3763 lege:
1101 3698 1156 3748 ime
1174 3704 1224 3748 eut
1240 3698 1347 3763 infima,
1366 3696 1533 3762 praesertinl
1552 3714 1614 3748 eum
1633 3700 1707 3765 apud
1723 3697 1837 3749 Cicero-

667 3779 729 3813 nem
745 3761 903 3813 inveniutur
918 3764 1009 3829 infimo
1025 3764 1113 3815 orbe.“
1131 3764 1218 3816 Zeun.
1236 3792 1270 3803 —
1286 3772 1334 3816 eet.
1355 3765 1519 3817 Cedaeerum
1537 3771 1576 3826 (et
1594 3757 1690 3818 adde
1707 3783 1764 3818 ecc.
1784 3772 1835 3827 m.)

667 3831 697 3880 (1.
714 3858 747 3867 -
766 3831 798 3881 de
816 3833 979 3899 superposite
998 3832 1059 3895 pdz.
1100 3831 1211 3900 desuper
1226 3834 1311 3900 perito
1329 3834 1409 3901 v·gb.
1449 3834 1645 3901 desuperpoeite
1661 3852 1683 3887 e.
1725 3835 1836 3886 EMse.

666 3897 738 3949 nihil
758 3898 878 3949 enotavi.
914 3899 1036 3964 „Malim
1056 3900 1184 3967 desuper
1204 3903 1339 3968 opposito.
1374 3900 1453 3952 Dixit
1469 3901 1525 3953 iem
1545 3909 1610 3953 unte
1632 3904 1667 3969 [c.
1688 3906 1728 3966 15,
1748 3902 1761 3967 i
1783 3902 1834 3967 11.]

667 3969 745 4017 tecue
762 3973 853 4017 eontra
873 3968 954 4018 solem
966 3967 1099 4034 poeitae.“
1122 3968 1203 4019 Pont.
1252 3968 1357 4029 ,3Forte
1374 3969 1572 4036 corrigendum
1588 3976 1632 4020 est
1649 3971 1703 4021 itae
1731 3969 1836 4033 Lucem,

666 4035 718 4084 nisi
738 4035 770 4084 de
787 4051 864 4100 snper
879 4036 965 4102 posite
983 4036 1038 4087 ecte
1056 4052 1115 4102 que
1132 4035 1288 4103 resplendet.
1323 4035 1371 4085 Sic
1395 4036 1468 4088 inire
1495 4036 1590 4103 [512]
1611 4037 1698 4086 temen
1717 4052 1777 4100 que
1799 4036 1836 4084 it-

666 4103 822 4153 lustretur.⁸‘
846 4102 933 4153 Zeun.
957 4127 990 4139 -
1013 4119 1078 4153 una
1095 4118 1161 4168 pare
1188 4101 1289 4166 (etium
1309 4102 1397 4166 inira)
1420 4120 1488 4167 r-g3
1520 4103 1595 4152 Mod.
1616 4100 1649 4150 Ν.
1672 4100 1703 4150 [ι.
1728 4117 1755 4165 p.
1777 4104 1837 4151 4⁰9.

667 4170 841 4220 commendet
858 4171 928 4229 imu‚·
944 4168 1085 4219 consentit
1104 4168 1182 4220 Pont.
1196 4194 1232 4207 -
1249 4168 1407 4219 aetheream
1424 4167 1524 4217 cea-b.
1558 4167 1665 4217 aetheri
1679 4169 1721 4215 vl.

667 4241 709 4288 11.
746 4238 804 4287 ideo
822 4236 954 4286 inmobilis
972 4240 1040 4295 (om.
1059 4234 1131 4293 selu)
1151 4235 1201 4285 Rl.
1243 4236 1245 4241 ’
1323 4237 1364 4282 12.
1398 4233 1854 4298 illaterraeerieequeestup..

667 4305 729 4355 add.
744 4309 782 4361 et)
801 4302 832 4350 0.
849 4327 882 4338 -
901 4302 1009 4353 denseta
1028 4300 1227 4352 cremam
1262 4300 1385 4351 densata
1402 4298 1626 4349 serenatum.
1661 4298 1836 4350 l'id.nctud

669 4389 692 4419 c.
709 4370 868 4431 11120.-
885 4384 968 4431 praem
987 4370 1044 4418 tuce
1062 4367 1114 4417 Rl·
1136 4396 1162 4407 -
1187 4367 1326 4418 Neeiicei
1343 4365 1377 4415 G.
1395 4393 1425 4403 -
1440 4365 1509 4431 fluis
1524 4367 1559 4417 rit
1577 4364 1783 4432 cesurae-ge
1802 4370 1838 4429 „4
1884 4391 1888 4400 ·

668 4436 773 4499 Angl.“
800 4433 932 4497 finirent
955 4433 1075 4484 e·ann.
1094 4434 1257 4487 -eeeberii
1276 4431 1400 4483 CFlth.
1436 4432 1559 4485 aetherei
1576 4434 1781 4486 Recensum.
1803 4460 1839 4475 -

669 4518 749 4621 elea
762 4499 1473 4630 areccatenen,’siccamen
1635 4503 1838 4631 terami

669 4638 740 4689 Bnn.
763 4662 789 4671 -
811 4642 891 4685 terre
904 4632 999 4699 purius
1014 4631 1088 4682 car.
1104 4659 1139 4673 -
1157 4641 1271 4702 accepta
1288 4635 1351 4689 inec
1373 4636 1436 4688 cnr
1455 4636 1531 4687 Moe.
1550 4640 1568 4690 Ι.
1588 4588 1611 4692 Ξ.
1629 4666 1663 4676 -
1677 4640 1840 4707 penetrabile
1911 4670 1915 4679 ·

671 4805 850 4876 pedientibus
873 4801 944 4855 eolis
970 4801 1067 4854 radiis.
1102 4801 1143 4855 Cf.
1164 4804 1229 4857 Sen.
1280 4806 1382 4875 cerunt]
1412 4806 1546 4878 Pbyeieie
1575 4809 1632 4861 boe
1658 4798 1792 4863 tribuitur
1815 4810 1840 4876 1,

671 4877 703 4929 N.
723 4877 757 4941 Q.
773 4875 801 4937 1,
823 4878 868 4936 11,
888 4875 913 4922 3.
932 4871 985 4922 nisi
1002 4872 1140 4924 liberius
1157 4874 1230 4926 humi
1282 4879 1327 4940 ll,
1350 4881 1376 4927 7.

672 4945 735 4995 sotis
754 4944 884 5006 lanaeque
900 4940 1033 5008 imagines
1050 4940 1206 4993 videremus.
1316 4948 1355 4994 12.
1396 4951 1499 4995 terreno
1521 4945 1615 5012 purius
1630 4947 1667 5011 fit
1757 4962 1838 5012 pene-

706 5015 730 5060 9.
767 5017 866 5060 ceterae
901 5024 989 5058 omues
1023 5008 1115 5059 stellae
1146 5011 1231 5062 lucere
1280 5011 1386 5077 trebile]
1399 5012 1450 5062 Est
1464 5012 1598 5064 attractio
1609 5013 1755 5078 quaedam,
1766 5013 1840 5077 qnod

674 5078 731 5141 sno]
767 5077 876 5141 „Quem
908 5074 1012 5128 falsum
1042 5074 1099 5126 hoe
1128 5077 1166 5128 eit
1197 5080 1232 5130 de
1282 5079 1318 5129 ud
1355 5079 1471 5146 propina
1506 5080 1713 5132 substantivum
1748 5094 1842 5145 corpur

674 5144 806 5210 planetis,
824 5141 1013 5193 recentiorum
1034 5143 1233 5198 observatione
1282 5146 1354 5197 haee
1368 5148 1538 5208 referuntur,
1551 5163 1606 5200 non
1624 5148 1659 5198 ud
1678 5160 1854 5213 pronomen,

675 5211 745 5263 eutis
764 5211 986 5260 demonstratum
1005 5213 1077 5261 eet.“
1101 5213 1186 5266 Zeun.
1283 5229 1339 5280 quc
1357 5214 1474 5282 proprie
1491 5215 1640 5267 referende
1658 5219 1750 5277 erunt,
1767 5212 1842 5275 hece,

710 5281 753 5327 10.
785 5285 898 5340 terrum,
929 5277 976 5329 reri
992 5278 1135 5336 aetheriam
1152 5299 1233 5337 cece·
1285 5298 1324 5335 ec.
1342 5283 1419 5337 lune.
