5092 6425
1172 871 1309 941 CAPUT
1329 873 1370 938 11.
1793 896 1882 940 neu

654 1049 690 1102 ad
707 1014 963 1099 huuc‘h'larianum
983 1043 1095 1096 videtur
1113 1043 1247 1097 rotuliuue
1264 1059 1336 1112 quae
1353 1044 1486 1113 leguntur
1504 1045 1578 1111 apud
1596 1045 1729 1098 loannem
1747 1042 1884 1097 Sarcehe-

657 1134 778 1187 cicurum
800 1131 829 1182 in
845 1129 1017 1183 Pulicratico
1034 1129 1096 1181 air'c
1113 1129 1147 1181 da
1163 1129 1313 1182 curialium
1332 1130 1417 1198 nagia
1437 1129 1485 1181 lih.
1504 1130 1540 1182 ll.
1561 1147 1623 1198 cap.
1640 1136 1697 1185 uua
1721 1129 1779 1180 lloo
1795 1137 1884 1182 auum

657 1219 752 1272 amerit
773 1218 962 1269 Flauianus
986 1216 1019 1267 im
1043 1215 1129 1267 titre
1147 1216 1203 1284 qui
1222 1216 1260 1267 de
1282 1216 1441 1285 uestigiis
1463 1217 1734 1285 philosophorum
1757 1217 1883 1268 iuscri-

657 1306 757 1370 hitur,
774 1308 805 1354 at
820 1302 871 1353 lih.
883 1301 955 1353 l'lll.
975 1317 1035 1368 cap.
1056 1303 1112 1352 11.=
1134 1301 1173 1352 Tu
1191 1301 1330 1354 historiam
1346 1310 1394 1356 aut
1407 1302 1533 1368 fabulam
1550 1303 1622 1371 quad
1638 1303 1680 1354 hic
1697 1303 1783 1354 oerhie
1801 1304 1884 1365 refert

660 1389 801 1442 Petroniuu
816 1403 867 1456 pro
888 1388 966 1440 libitu
989 1385 1147 1454 appellatio·
1184 1387 1229 1438 ltu
1244 1393 1333 1438 tamem
1350 1403 1382 1438 ec
1395 1389 1475 1453 sacto
1496 1389 1624 1440 accidiam
1640 1389 1740 1456 Ephori
1763 1395 1789 1440 et
1808 1388 1884 1439 Fla·

658 1475 779 1526 oiamur
802 1479 965 1526 auctorent.
1000 1470 1078 1523 Addo
1103 1469 1142 1522 ib.
1162 1486 1222 1538 cap.
1241 1474 1284 1521 lu.
1308 1489 1367 1523 cum
1391 1478 1454 1524 tecte
1475 1473 1642 1537 Quintiliano
1669 1474 1775 1525 Valerio
1804 1473 1883 1525 Fin-

657 1561 756 1612 oiamo
775 1567 802 1612 et
819 1560 883 1611 aliie
900 1559 991 1610 multia
1011 1558 1133 1609 Socrates
1150 1557 1231 1609 etiam
1247 1558 1277 1608 in
1293 1565 1424 1610 remeetute
1442 1558 1566 1610 didicerit
1582 1561 1726 1624 muricum,
1748 1565 1791 1610 ot:
1814 1558 1885 1624 Quid

658 1661 723 1714 ergo
741 1645 800 1696 uiro
823 1661 882 1696 oum
903 1643 1023 1711 apoculo,
1049 1643 1102 1694 uici
1121 1643 1150 1695 im
1169 1660 1199 1694 eo
1219 1661 1284 1695 caru
1304 1661 1356 1711 ouo
1374 1644 1444 1696 iilud
1461 1644 1600 1696 Platonem
1618 1652 1739 1714 geotaece
1755 1645 1830 1697 tertio
1845 1651 1885 1698 ert

661 1730 864 1782 Flavianae.
907 1726 991 1780 Certe
1015 1728 1177 1780 Macrobius
1203 1729 1243 1796 (Ι,
1264 1733 1295 1792 5,
1319 1731 1374 1794 1³.)
1401 1729 1543 1782 hominum
1569 1728 1792 1781 eruditiaoimum
1820 1746 1884 1783 eum

658 1814 750 1866 initae
769 1813 840 1865 dicit
855 1813 902 1865 hia
921 1813 1028 1866 verbine
1047 1815 1093 1883 qui
1109 1822 1208 1884 quantu
1227 1817 1261 1868 eit
1278 1815 1400 1867 mirando
1417 1816 1484 1879 uiro,
1507 1818 1621 1868 Venusto
1638 1823 1724 1882 patre,
1739 1824 1884 1884 praeciam-

659 1902 729 1966 tior,
755 1918 810 1952 nom
833 1901 921 1953 minuo
944 1908 1040 1953 ornatu
1058 1917 1160 1952 murum
1177 1903 1365 1971 gravitateque
1381 1904 1454 1956 vitae
1477 1919 1556 1969 quom
1581 1902 1674 1969 copia
1694 1902 1886 1969 protunda·

660 1987 819 2039 eruditiouic
838 1987 973 2051 adseruit,
999 1985 1046 2038 uhi
1067 1985 1240 2053 Scriverius,
1268 1988 1317 2054 qui
1334 1988 1456 2041 coniecit
1477 2003 1540 2038 eaeo
1558 1986 1737 2039 scribendum
1756 1987 1886 2039 Murraao

666 2073 740 2124 Virio
761 2073 890 2136 Venusto,
915 2070 1023 2140 primua
1045 2071 1116 2124 vidit
1140 2075 1254 2126 Venusto
1277 2090 1331 2126 nun
1354 2091 1417 2125 eure
1433 2072 1593 2126 hahcndum
1611 2089 1660 2139 pro
1678 2072 1819 2124 adieetiru
1834 2073 1886 2125 aad

662 2172 713 2222 pro
732 2155 861 2207 Flaviani
883 2156 972 2224 patria
992 2157 1119 2210 nominc:
1151 2158 1199 2225 qui
1217 2159 1357 2211 Venuctua
1381 2161 1503 2212 lurtuaac
1525 2159 1599 2210 idem
1622 2163 1664 2210 cat
1687 2174 1721 2210 ae
1747 2175 1829 2225 quem
1851 2175 1887 2211 cx

663 2240 773 2292 vicaria
791 2256 853 2291 cum
869 2241 1050 2295 Praetextato
1067 2242 1102 2294 ad
1123 2244 1349 2297 Valentinianum
1369 2245 1539 2312 deprecandi
1556 2260 1642 2296 eauua
1660 2243 1778 2295 mimum
1801 2244 1889 2298 refert

665 2325 828 2377 Ammianus
840 2325 1021 2380 Marcellinus
1037 2328 1086 2381 lih.
1102 2328 1227 2382 mill.
1247 2347 1271 2382 c.
1290 2335 1327 2382 1.=
1344 2345 1408 2382 nam
1427 2329 1474 2396 qul
1492 2328 1565 2397 apud
1578 2330 1730 2380 Gruterum
1747 2348 1775 2397 p.
1794 2343 1888 2384 ccclx.

666 2415 692 2463 6.
716 2418 885 2464 memoratur
903 2413 1040 2467 Venustus
1063 2431 1127 2467 cum
1147 2414 1252 2467 Sabinu
1273 2416 1370 2468 conaul
1393 2415 1422 2467 in
1444 2414 1534 2466 multu
1550 2414 1672 2481 priorem
1692 2413 1794 2467 inuidit
1811 2422 1888 2470 acta-

665 2504 722 2550 tem
741 2497 846 2564 (0οΧῙι
866 2515 892 2565 p.
911 2498 985 2564 Ch).

732 2584 838 2636 Filium
862 2585 947 2636 huiua
970 2584 1135 2638 Nicomachi
1159 2585 1288 2639 Flaviani
1311 2586 1621 2640 Drakenborchiua
1642 2587 1671 2639 in
1695 2585 1813 2654 Sylluhu
1840 2604 1888 2640 co-

663 2669 757 2721 dicum
775 2687 842 2722 mua.
860 2670 936 2722 Livii
953 2671 987 2723 T.
1007 2669 1065 2722 Vll.
1078 2672 1117 2739 ’μ
1139 2677 1188 2724 321
1208 2690 1268 2740 aqq·
1294 2672 1350 2739 (cd.
1368 2673 1474 2740 Stuttg.
1494 2671 1529 2723 T.
1547 2672 1604 2724 XV.
1627 2689 1653 2738 p.
1670 2674 1743 2734 ult.)
1763 2671 1889 2726 ailirmat

664 2756 755 2808 iuiuau
779 2756 1031 2809 Nicomachum
1055 2756 1257 2822 Flavianum
1279 2758 1458 2822 Dextrum,
1485 2758 1659 2826 praetectum
1681 2757 1775 2821 urbia,
1805 2775 1888 2825 quam

663 2841 775 2896 Livium
810 2842 1004 2894 emcndariuae
1038 2859 1072 2894 ox
1103 2843 1358 2910 auhumiptionihuu
1394 2844 1579 2911 complurium
1612 2845 1717 2896 acimuu
1750 2844 1888 2897 codicum.

663 2928 733 2981 Poat
759 2928 950 2980 Valentiniani
980 2928 1015 2980 ll.
1040 2934 1158 2980 murtam
1185 2930 1221 2981 ab
1249 2929 1378 2998 Euganio
1409 2937 1527 2999 tyranno
1553 2946 1626 2982 auno
1653 2929 1813 2981 00οΧῦίῐί
1843 2929 1890 2982 rel

664 3014 829 3068 cccxciv.
846 3031 909 3065 eum
930 3015 1136 3082 praefecturam
1155 3015 1234 3067 urhis
1252 3017 1417 3080 uhtinuiauc,
1435 3033 1553 3082 cumque
1570 3033 1587 3068 a
1605 3015 1768 3076 Theodosio
1785 3017 1889 3083 Magno

665 3106 792 3169 ereptam
812 3102 848 3152 ah
858 3099 985 3152 Hunoriu
1004 3099 1065 3151 eiua
1081 3098 1141 3152 filio
1159 3101 1300 3168 rceepiuua
1317 3118 1390 3154 anno
1405 3101 1571 3165 cccxciii,
1589 3107 1618 3154 et
1634 3103 1748 3154 Dacium
1761 3106 1808 3168 (au
1818 3101 1890 3155 Cau·

666 3183 1019 3250 circumlatrantum.)
1038 3186 1066 3238 ci
1077 3186 1248 3240 auoceaai‘uue
1265 3205 1299 3241 ox
1308 3187 1473 3257 Symmachi
1487 3189 1618 3257 cpiatuliu
1633 3189 1696 3256 (lib.
1708 3190 1751 3241 lV.
1762 3194 1851 3258 anuh
1862 3193 1891 3243 et

665 3275 765 3338 7351),
787 3273 816 3323 V.
830 3289 874 3339 ep.
894 3276 926 3336 63
945 3270 994 3324 lih.
1013 3272 1073 3323 Vll·
1094 3290 1156 3339 epp.
1172 3278 1215 3325 50.
1231 3276 1365 3340 95-104.)
1387 3280 1416 3327 ut
1428 3292 1472 3345 ‘ax
1494 3275 1591 3328 codice
1610 3274 1810 3326 'l'houduuiauu
1826 3273 1890 3338 (lib.

668 3361 727 3423 vll,
745 3360 789 3412 tit.
805 3358 882 3422 illl,
901 3359 967 3426 lugo
986 3353 1032 3421 153
1051 3358 1102 3410 tiu.
1120 3359 1167 3422 xl,
1188 3359 1230 3411 tit.
1250 3359 1336 3425 xxi,
1356 3360 1413 3427 leg.
1424 3364 1473 3423 613
1492 3360 1541 3411 lib.
1561 3359 1639 3421 Xlll,
1658 3359 1701 3410 tit.
1715 3359 1746 3424 V,
1765 3359 1889 3425 legat)

669 3444 792 3513 colligit·
828 3443 926 3495 Potuit
945 3443 1034 3511 igitur
1052 3443 1136 3496 ctiam
1160 3444 1236 3495 hunc
1254 3443 1415 3498 Macrobius
1433 3446 1462 3496 in
1481 3443 1678 3496 Saturnalium
1696 3444 1828 3497 inducero
1847 3446 1892 3498 lu·
1965 3485 1967 3488 ψ

669 3539 815 3598 quautam,
843 3529 893 3581 aad
911 3529 1044 3581 maiorum
1059 3531 1142 3582 illum
1161 3546 1223 3582 cum
1242 3529 1270 3581 iu
1288 3530 1382 3582 animo
1400 3531 1533 3583 hahuiaac
1551 3529 1708 3597 putaverim
1727 3531 1801 3595 idco,
1819 3531 1893 3598 quod

670 3624 698 3671 at
715 3618 739 3683 1,
755 3621 779 3679 1,
797 3618 814 3667 4
831 3623 895 3667 unta
909 3615 1110 3684 Symmachum
1127 3633 1191 3669 cum
1208 3616 1348 3680 nominat,
1371 3622 1400 3669 et
1416 3616 1538 3669 uecundu
1556 3616 1602 3668 die
1619 3618 1691 3683 apud
1711 3635 1788 3681 ouon,
1808 3616 1892 3669 tortio

671 3705 782 3756 demum
805 3702 877 3770 apud
901 3702 1101 3770 Symmachum
1122 3703 1205 3771 lingit
1225 3709 1392 3757 conventum
1420 3719 1483 3755 aeuo
1505 3702 1647 3769 habitum,
1673 3710 1702 3755 ut
1724 3702 1893 3755 Flauianum

669 3793 807 3843 maiorum
826 3789 967 3841 huminem
986 3790 1097 3842 doctum
1115 3791 1204 3843 inimo
1221 3789 1396 3857 intelligitur
1412 3805 1475 3841 cum
1499 3805 1532 3841 ex
1555 3788 1608 3840 illa
1629 3788 1814 3857 inacriptiuna
1834 3793 1893 3840 turn

670 3895 704 3929 ex
722 3875 834 3929 Sidonii
849 3874 1020 3941 Apollinaris
1036 3876 1098 3941 (lib.
1114 3876 1188 3928 vlu.
1208 3893 1250 3943 ap.
1268 3875 1306 3939 3.)
1322 3874 1429 3926 verbim
1456 3876 1594 3943 Apollonii
1610 3876 1785 3945 Pythagorici
1801 3876 1894 3938 eiiam,

670 3981 737 4025 mun,
763 3970 794 4014 ut
813 3962 840 4012 N
846 3962 1035 4015 ioomuchuo
1054 3964 1179 4028 comior,
1200 3979 1214 4013 c
1233 3961 1401 4025 Philotimi,
1427 3962 1488 4025 ced,
1511 3971 1541 4014 ut
1562 3964 1672 4013 Yaoeiuo
1695 3961 1895 4014 Victorianuso

673 4047 830 4102 Nicomachi
847 4047 949 4099 uchedic
964 4050 1114 4116 conminuit,
1131 4048 1195 4116 quia
1212 4048 1340 4112 iacuerat,
1356 4047 1425 4098 mici.
1461 4046 1602 4113 Denique,
1622 4046 1647 4098 ai
1668 4045 1758 4097 maior
1777 4042 1894 4096 minaria

671 4141 753 4202 pater
768 4132 834 4197 fuit,
852 4132 899 4184 illi
919 4140 1026 4185 tautum
1045 4133 1131 4186 tribui
1148 4138 1240 4201 puteat
1254 4133 1393 4184 Venustus
1409 4139 1497 4199 pater·
1534 4129 1798 4182 Tiralroechiua
1816 4128 1895 4191 (Sto-

672 4222 717 4272 ria
736 4220 813 4270 dalla
835 4218 1003 4271 letteratura
1026 4220 1144 4272 italiana
1167 4227 1232 4271 tum.
1253 4219 1281 4269 ll
1304 4237 1331 4285 p.
1350 4220 1422 4283 352.)
1447 4223 1542 4268 cenaat
1565 4216 1731 4269 Flavianum
1757 4212 1896 4265 Macrobii

674 4323 738 4358 auca
754 4322 817 4356 curn
836 4304 885 4370 qul
904 4320 977 4358 anno
992 4304 1162 4358 cccxclll.
1177 4305 1313 4358 ceciderit
1330 4319 1459 4374 pugnans
1478 4302 1506 4354 ia
1524 4303 1650 4354 exercitu
1660 4300 1782 4368 Eugeuii
1800 4305 1897 4351 eontra

676 4392 869 4445 Theodosium
886 4394 941 4457 ²³).

746 4478 771 4533 d.
805 4476 955 4528 Caecina
973 4476 1121 4530 Albinus
1138 4477 1226 4530 intrat
1240 4478 1276 4545 (1,
1292 4483 1323 4540 2,
1342 4479 1394 4542 15.)
1412 4494 1475 4528 cum
1493 4475 1674 4544 Symmachu,
1690 4493 1807 4542 quocum
1826 4472 1897 4525 diei-

676 4568 723 4618 tur
744 4580 805 4616 cum
825 4570 915 4615 aetate
936 4570 991 4615 tum
1012 4565 1092 4616 ctiam
1110 4566 1279 4617 moriturae
1300 4565 1397 4617 etudiio
1416 4564 1499 4623 tuicoe
1516 4562 1750 4637 coniunctiecimua.
1785 4560 1898 4612 Primus

675 4649 793 4704 diruerit
809 4649 844 4701 do
862 4647 1000 4716 principio
1018 4654 1047 4700 et
1064 4648 1120 4701 hnc
1138 4650 1232 4702 civilia
1248 4650 1305 4703 diei
1323 4651 1364 4717 (1,
1380 4650 1419 4712 3.)
1438 4648 1499 4714 (ubi
1518 4662 1580 4697 cum
1598 4648 1796 4699 Praetextatus
1814 4645 1898 4709 (Li,

675 4738 731 4803 2⁰.)
756 4737 793 4789 ad
818 4734 967 4787 dicendum
991 4737 1095 4788 excitat
1120 4736 1167 4787 hia
1192 4737 1304 4789 verbio:
1336 4737 1400 4805 quio
1424 4743 1451 4789 te
1472 4733 1596 4804 quiequid
1617 4735 1646 4784 in
1671 4734 1746 4784 tibris
1767 4735 1832 4784 latet
1856 4732 1899 4782 im-

675 4824 813 4894 ueatigare
833 4822 923 4874 metim
943 4829 982 4875 ert
999 4840 1078 4891 quam
1097 4831 1127 4876 ut
1148 4840 1196 4891 per
1213 4824 1398 4875 uerecundiam
1414 4822 1629 4891 hegemonicis,
1658 4825 1688 4870 ct
1704 4836 1800 4871 omneu
1819 4816 1854 4883 (l,
1873 4819 1899 4882 4,

679 4912 715 4971 1.)
732 4909 812 4975 quari
828 4908 969 4960 uetustatis
983 4910 1193 4975 promptuarium
1208 4909 1302 4961 Albini
1319 4909 1470 4960 memoriam
1488 4907 1604 4959 laudare
1623 4905 1782 4969 dicuutur);
1799 4902 1900 4955 deinde

677 4994 727 5062 (ll,
744 4996 783 5061 8.)
802 4994 837 5045 dc
856 4991 995 5056 helladio,
1014 4998 1042 5045 at
1058 4993 1121 5059 (Ill,
1142 4996 1194 5058 13.)
1212 4994 1247 5045 da
1263 4994 1377 5046 luxuria
1395 4999 1520 5046 veterum
1536 4994 1740 5053 Romanorum,
1759 4995 1788 5041 ct
1808 4986 1865 5051 (vi,
1884 4988 1901 5035 4

678 5085 706 5133 ut
723 5082 764 5145 h.)
784 5077 875 5132 deii·
894 5094 966 5145 quae
983 5080 1013 5131 in
1028 5076 1127 5132 'rachio
1146 5080 1182 5132 ah
1198 5079 1324 5133 Homero
1343 5084 1488 5132 mutuatus
1507 5078 1545 5130 ait
1564 5078 1710 5148 Virgilius.

715 5238 721 5250 ⁹
747 5222 805 5325 ⁸⁸).
820 5249 950 5331 ticinio·
974 5265 994 5317 Ι.
1017 5282 1042 5316 c.
1062 5282 1088 5331 p.
1112 5270 1138 5317 ‘i-
1160 5265 1195 5318 do
1218 5263 1355 5318 Flaviano
1378 5265 1457 5317 iulmt
1485 5233 1596 5316 cohanli
1616 5253 1839 5315 worn-uorum
1866 5252 1905 5306 d

679 5331 758 5386 Puat.
777 5332 847 5385 miu.
863 5332 919 5385 rol.
936 5331 968 5396 V,
985 5350 1013 5398 p.
1030 5336 1089 5385 am.
1359 5339 1361 5344 ·
