5092 6425
809 910 946 980 COMM.
968 913 1013 981 lN
1035 910 1162 980 SOMN.
1184 909 1284 979 SCIP.
1327 910 1402 976 LIB.
1424 913 1448 976 1.
1492 910 1582 979 CAP.
1602 912 1675 979 XX.
1768 915 1828 979 113

653 1085 780 1160 darent,
814 1103 870 1148 cur
896 1083 969 1148 luna
1001 1081 1129 1147 deficiat
1177 1083 1245 1147 Hoc
1270 1090 1374 1149 autem
1401 1103 1596 1169 nequaquam
1622 1082 1829 1161 dubitabatur,
1839 1091 1879 1156 12

654 1191 719 1235 nou
746 1189 836 1254 posse
864 1169 953 1234 aliter
979 1167 1167 1255 deprehendi
1194 1168 1252 1232 uisi
1284 1188 1427 1233 mensura
1453 1177 1491 1233 et·
1506 1178 1607 1234 terrae
1634 1178 1666 1234 et
1685 1169 1758 1234 solis
1782 1170 1828 1234 in-

655 1262 764 1331 venta,
801 1262 837 1319 ut
862 1254 950 1319 lieret
973 1276 1010 1319 ex
1038 1255 1201 1318 collatione
1230 1254 1383 1318 discretio.
1425 1255 1467 1318 Ει
1490 1262 1611 1320 terrena
1635 1254 1760 1340 quidem
1783 1255 1827 1319 di-

656 1342 776 1406 mensio
799 1340 897 1404 oculis
919 1341 1068 1404 rationem
1090 1339 1265 1404 iuvantibus
1287 1339 1325 1403 de
1348 1339 1427 1403 sacili
1447 1341 1623 1405 constabat:
1662 1341 1829 1406 solis'vero

656 1447 834 1492 mensuram
855 1425 944 1490 aliter
970 1425 1028 1488 nisi
1052 1446 1106 1510 per
1129 1446 1305 1489 mensuram
1332 1425 1406 1488 caeli
1429 1445 1483 1509 per
1512 1425 1595 1511 quod
1617 1425 1761 1490 discurrit
1783 1427 1829 1491 iu-

658 1513 755 1579 veniri
777 1533 840 1575 nou
860 1533 950 1596 posse
975 1511 1132 1576 viderunt:
1164 1532 1237 1594 ergo
1259 1511 1393 1596 primum
1415 1511 1605 1575 metiendum
1628 1511 1685 1575 sihi
1710 1511 1828 1576 caelum

658 1598 749 1676 illud,
776 1597 806 1661 id
830 1605 877 1662 est
899 1597 958 1662 iter
980 1597 1062 1674 solis,
1084 1599 1325 1672 constituerunt,
1345 1603 1381 1660 ut
1401 1617 1456 1681 per
1477 1596 1506 1661 id
1529 1604 1654 1682 possent
1677 1597 1880 1683 modumflor]

658 1685 731 1749 solis
756 1703 931 1768 agnoscere.
976 1682 1035 1746 Sed
1062 1702 1192 1767 quaeso,
1216 1681 1241 1746 si
1263 1682 1333 1766 quis
1355 1703 1503 1767 umquam
1527 1690 1589 1748 tam
1611 1682 1729 1747 otiosus
1751 1685 1879 1750 tam-13

656 1791 718 1856 que
739 1769 776 1833 ab
797 1768 882 1832 omni
904 1768 963 1832 erit
984 1767 1066 1831 serio
1087 1767 1221 1842 feriatus,
1240 1776 1276 1832 ut
1298 1767 1372 1831 hacc
1393 1788 1518 1865 quoquc
1538 1769 1570 1832 iu
1588 1789 1697 1832 manus
1718 1776 1829 1842 sumat,

657 1877 697 1919 ue
727 1855 821 1918 talem
849 1863 989 1918 veterum
1018 1853 1253 1939 promissionem
1283 1853 1370 1938 quasi
1400 1853 1537 1918 insaniae
1571 1853 1743 1938 proximam
1776 1862 1831 1918 aut

658 1941 818 2005 horrescat
839 1948 892 2004 aut
919 1939 1026 2003 rideat.
1068 1939 1192 2003 Etenim
1218 1939 1344 2003 adrem
1371 1959 1450 2024 quae
1474 1949 1583 2005 natura
1606 1939 1829 2023 inconprehen-

660 2025 757 2090 sibilis
782 2024 941 2089 ridehatur
969 2025 1049 2090 viam
1078 2023 1136 2088 sibi
1164 2023 1236 2088 lecit
1262 2023 1438 2108 ingenium:
1481 2033 1513 2090 et
1534 2032 1739 2109 permiram,
1776 2023 1830 2110 qui

659 2111 736 2176 caeli
764 2111 874 2175 modus
903 2110 955 2186 sit,
991 2109 1136 2194 repperit.
1179 2110 1221 2174 Ut
1249 2117 1352 2172 autem
1381 2109 1500 2193 liquere
1522 2110 1618 2194 possit
1646 2109 1725 2173 ratio
1748 2131 1831 2174 eom·

662 2197 768 2273 menti,
788 2196 874 2278 prius
893 2195 1074 2280 regulariter
1094 2216 1190 2279 pauca
1211 2194 1339 2258 dicenda
1361 2202 1443 2270 sunt,
1465 2202 1500 2258 ut
1519 2195 1559 2260 sit
1574 2216 1679 2258 rerum
1699 2216 1831 2280 sequen·

661 2283 741 2346 tium
765 2280 865 2344 aditus
887 2280 1072 2345 instructior.
1116 2282 1150 2344 ln
1172 2279 1257 2344 omni
1280 2279 1355 2343 orbe
1374 2278 1420 2343 vel
1442 2279 1571 2363 sphaera
1591 2279 1740 2344 medietas
1761 2280 1880 2344 cen-ld

662 2375 734 2432 tron
770 2374 910 2430 vocatur:
950 2366 1089 2451 nihilque
1127 2365 1210 2429 aliud
1244 2372 1292 2428 est
1324 2373 1452 2428 centron
1489 2365 1547 2429 nisi
1583 2373 1732 2450 puuctum
1768 2386 1831 2450 quo

663 2452 810 2538 sphaerae
836 2459 889 2515 aut
915 2451 998 2516 orbis
1024 2451 1159 2515 medium
1185 2449 1353 2514 certissima
1383 2449 1597 2514 observatione
1624 2450 1832 2535 distinguitur.

662 2541 739 2603 ltem
763 2537 852 2601 ducta
882 2536 960 2601 linea
983 2536 1021 2601 de
1043 2557 1239 2622 quocumque
1267 2536 1335 2599 loco
1360 2535 1465 2599 circuli
1495 2535 1548 2621 qui
1576 2535 1715 2620 designat
1737 2537 1832 2600 ambi-

660 2633 726 2688 tum
752 2622 781 2686 in
810 2642 1038 2709 quamcumque
1068 2623 1204 2687 eiusdem
1231 2621 1335 2686 circuli
1364 2621 1572 2686 summitatem
1601 2622 1685 2686 orbis
1712 2630 1831 2707 partem

662 2711 795 2797 aliquam
820 2708 936 2774 dividat
958 2729 1082 2774 necesse
1106 2717 1161 2773 est
1212 2707 1270 2774 Sed
1298 2729 1361 2772 non
1389 2707 1474 2772 omui
1501 2707 1593 2774 modo
1615 2707 1763 2774 medietas
1785 2708 1881 2774 est15

1357 2835 1366 2856 i
1457 2865 1542 2926 [End.
1560 2863 1763 2933 vieehgapdzh.

661 2952 717 3001 eius
735 2949 764 2999 h.
786 2966 808 3000 e.
832 2949 932 3001 aulis-‘⁶
955 2947 1041 2998 Zcun.
1065 2946 1108 3007 (in
1127 2947 1150 2997 B
1169 2965 1230 3012 erip.
1253 2947 1317 2999 add.
1337 2949 1380 2998 oei
1397 2954 1507 3007 terrae).
1555 2965 1605 3016 per
1621 2948 1833 3018 magnitudinem

663 3018 842 3071 terraeliz
879 3034 926 3085 per
945 3024 1055 3068 terrae
1072 3017 1284 3084 magnitudinem
1307 3032 1361 3066 o-z.
1398 3015 1465 3079 „Nil
1483 3016 1577 3082 mugio
1596 3024 1693 3067 contra
1712 3023 1834 3067 mentem

661 3086 799 3143 auctoris,
833 3103 913 3150 quem
932 3085 1017 3136 lunae
1037 3085 1176 3134 defectum
1196 3101 1248 3134 non
1271 3101 1321 3149 per
1339 3090 1430 3134 terrae
1455 3085 1503 3133 sed
1522 3084 1592 3134 solia
1611 3083 1836 3152 anagnitudinem

661 3155 736 3206 velle
758 3154 852 3204 dicere
876 3154 1032 3221 Aegyption
1057 3151 1220 3220 proheviaee
1244 3169 1289 3202 res
1311 3151 1374 3217 ipsa
1402 3151 1554 3217 loquitur.“
1582 3152 1668 3203 Gran.
1688 3180 1724 3188 -
1748 3160 1844 3203 octem-

663 3225 742 3275 dant
759 3222 790 3271 F.
948 3226 988 3270 12.
1025 3238 1147 3289 nequam
1166 3221 1217 3271 Rl.
1241 3251 1272 3258 —
1300 3222 1444 3272 dubitatur
1465 3219 1532 3279 (Cu
1552 3238 1608 3270 sec.
1626 3225 1677 3279 ιιι.)
1694 3218 1782 3286 Fvng.
1800 3245 1836 3257 -·
1915 3249 1917 3254 ·

662 3301 766 3343 terrem
783 3297 851 3351 (om.
872 3289 990 3355 quidem)
1009 3289 1040 3339 G.
1060 3318 1095 3328 -
1109 3290 1249 3340 demensio
1267 3288 1318 3339 Re.
1335 3318 1370 3325 -
1386 3289 1515 3339 rationem
1533 3287 1792 3354 investigantibus
1809 3303 1833 3336 v.

662 3389 697 3396 -
725 3359 864 3410 constabit
883 3356 945 3406 solis
966 3373 1028 3406 nero
1048 3373 1175 3408 mensura
1195 3357 1226 3406 B.
1256 3386 1291 3394 -
1318 3357 1387 3423 quod
1406 3363 1474 3418 (rann
1492 3359 1553 3421 per]
1573 3356 1622 3405 iil.
1648 3383 1679 3394 -
1709 3355 1836 3406 invenire

663 3428 734 3476 nav.
752 3454 787 3463 -—
807 3425 916 3474 uideret
935 3426 1026 3473 ι1.-
1045 3426 1145 3475 caelum
1165 3430 1233 3484 (nnn
1253 3425 1335 3483 illud)
1355 3423 1384 3473 C.
1419 3424 1519 3474 coelum
1536 3422 1626 3473 illiue
1648 3421 1700 3471 Hl.
1719 3422 1836 3473 -solis

664 3497 715 3545 iter
731 3494 783 3542 Bt.
802 3490 945 3555 -perid
965 3489 1002 3550 (Β
1021 3490 1049 3541 in
1067 3498 1136 3552 rua.)
1156 3492 1351 3543 RlEdrl.FSO.
1383 3509 1432 3559 per
1449 3507 1517 3541 eum
1537 3489 1701 3541 cuneum.

666 3564 710 3611 13.
746 3558 833 3625 niqui
855 3556 937 3607 BFG.
966 3587 1000 3596 -
1029 3561 1124 3612 critob
1143 3563 1213 3612 omni
1235 3560 1365 3627 er-gG.
1396 3587 1427 3595 —
1453 3560 1502 3610 erit
1514 3559 1633 3622 feriatur
1651 3558 1718 3609 serio
1741 3555 1773 3610 F.
1802 3584 1837 3595 -·

665 3630 730 3681 hacc
748 3627 952 3693 quaequeill.
970 3629 1048 3679 —in
1067 3646 1182 3679 manum
1200 3629 1231 3680 F.
1267 3630 1296 3679 in
1315 3645 1395 3678 mann
1413 3628 1442 3679 C.
1459 3657 1493 3665 -
1505 3628 1573 3692 fecit
1590 3628 1640 3678 sihi
1656 3626 1708 3680 Re.
1725 3655 1759 3664 -
1776 3641 1838 3693 rep-

662 3697 732 3765 perit
753 3692 903 3745 usmaro.
939 3698 1034 3762 reperit
1051 3695 1362 3748 BFauuBmunnTn.
1381 3696 1417 3755 (Ia
1434 3713 1450 3747 o
1469 3712 1525 3747 aec.
1544 3701 1596 3756 ιιι.)
1620 3696 1729 3761 ,,Μιι.“
1750 3694 1837 3745 Gron.

665 3763 853 3828 „Verisaiure3
882 3762 1013 3815 nimirum
1033 3764 1194 3833 ingenium,
1217 3767 1289 3832 quod
1309 3764 1484 3831 praecedit.“
1506 3764 1592 3816 Zeun.
1644 3769 1838 3832 reppererunt

666 3832 720 3882 v3i.
754 3832 961 3899 repperierunt
979 3838 1020 3883 rt.
1057 3832 1375 3901 repereruntPch-aG.
1409 3832 1519 3898 „Fatua
1536 3832 1687 3899 scripture:
1704 3832 1838 3884 audacter

665 3918 827 3967 reponerem
845 3902 951 3967 reperit,
966 3901 1020 3953 nisi
1039 3902 1067 3953 id
1086 3903 1219 3954 audacter
1237 3918 1290 3951 non
1308 3900 1371 3952 fieri
1389 3902 1521 3954 docerent
1538 3902 1626 3953 Mee.“
1644 3901 1729 3954 Grau.
1745 3929 1778 3938 -
1796 3899 1839 3949 di-

665 3970 747 4020 cendn
770 3976 830 4020 srrnt
852 3986 942 4035 pauca
965 3969 995 4019 (i.
1166 3973 1205 4020 14.
1247 3978 1374 4021 centrum
1403 3971 1470 4022 Μιι.
1493 3969 1593 4030 (etiem
1613 3967 1692 4026 100)
1718 3971 1747 4016 et
1767 3966 1838 4017 Edd.

666 4037 719 4087 Sed
741 4036 795 4088 vid.
819 4036 903 4104 infru,
924 4053 947 4086 c.
965 4040 1014 4099 22,
1033 4037 1047 4102 §
1064 4038 1088 4085 3.
1108 4036 1145 4086 ul.
1162 4066 1196 4074 -
1212 4037 1281 4087 nihil
1298 4042 1367 4095 (om.
1385 4043 1447 4102 que)
1465 4036 1510 4087 riu
1528 4036 1587 4096 (Re
1604 4050 1666 4099 sup.
1684 4033 1748 4083 add.
1765 4036 1838 4097 que).

664 4134 698 4142 -
721 4113 758 4156 est
775 4113 879 4156 centron
900 4103 1007 4153 Goon.
1045 4111 1082 4153 est
1101 4112 1227 4154 centrum
1247 4103 1315 4153 Edd.
1336 4109 1363 4151 et
1385 4103 1452 4153 hire.
1472 4101 1584 4166 reliqui.
1606 4127 1641 4136 -
1663 4099 1695 4147 de
1714 4114 1840 4162 quocum-

665 4189 714 4239 que
734 4173 856 4223 circulo
878 4173 928 4220 vel
947 4170 1003 4221 loco
1019 4171 1111 4220 circuli
1130 4170 1161 4219 F·
1180 4198 1214 4207 -
1232 4170 1259 4219 in
1279 4185 1408 4234 quameun
1429 4186 1460 4218 ue
1477 4165 1593 4217 CFR2G
1609 4161 1684 4227 „Tm
1704 4170 1733 4211 et
1752 4165 1770 4209 2
1787 4162 1839 4213 elii

664 4241 767 4301 naute
804 4240 831 4288 in
849 4254 1002 4303 quaerique
1020 4236 1142 4297 (linenln
1161 4236 1251 4300 posite
1270 4251 1330 4300 sup.
1351 4238 1382 4293 a)
1402 4186 1452 4284 iil.
1488 4235 1516 4287 in
1533 4246 1704 4299 quacumque
1721 4228 1839 4283 BEdd,S

664 4306 762 4358 Puto.
788 4332 820 4341 -
849 4306 1026 4354 summitatem
1046 4302 1220 4365 BCFR2G0.
1265 4303 1420 4353 summitate
1437 4297 1645 4351 Rauranum.
1798 4298 1841 4348 15.

665 4375 712 4423 sed
732 4371 802 4422 omni
820 4370 896 4419 modo
921 4374 1073 4429 (amnon)
1093 4370 1124 4422 F.
1178 4372 1223 4422 red
1241 4369 1427 4421 nonomnino
1446 4365 1671 4421 Statumae·
1724 4364 1840 4418 sednon

702 4507 743 4553 13.
780 4499 887 4565 otiosus]
909 4499 1049 4553 t'ntenot.
1067 4505 1101 4554 nd
1120 4505 1142 4567 1,
1160 4508 1225 4566 m.
1279 4502 1312 4553 nd
1338 4500 1506 4569 discipliane
1533 4518 1658 4553 normnm
1684 4516 1842 4551 accommo-

701 4574 729 4622 r'n
752 4586 848 4619 murum
867 4568 963 4635 sumat]
993 4570 1009 4619 i,
1038 4588 1061 4619 c.
1086 4578 1227 4622 attrectet.
1279 4572 1406 4621 cernunt*
1448 4569 1490 4621 Gi.
1517 4566 1687 4621 Artemidori
1713 4568 1842 4619 0nirocr.

666 4638 807 4691 Similiter
825 4636 932 4686 Seneca
951 4638 985 4687 de
1000 4637 1099 4688 Benei.
1114 4639 1150 4699 11,
1164 4644 1188 4691 5.
1201 4642 1227 4690 4.
1279 4639 1322 4689 lv.
1350 4655 1471 4705 prooem.
1499 4657 1525 4705 p.
1552 4642 1609 4691 199,
1639 4636 1842 4696 Koromanis

667 4707 789 4773 beneficio
812 4722 859 4755 erro
881 4722 997 4757 marrus
1019 4709 1125 4770 offert
1155 4707 1175 4758 i.
1203 4723 1227 4757 e.
1279 4696 1331 4758 οὖν
1352 4704 1399 4756 καὶ
1421 4699 1520 4772 ὁρικῶς
1541 4702 1604 4772 περὶ
1629 4704 1686 4756 τῶν
1713 4699 1842 4769 ζητουμέ-

667 4774 833 4827 beneficium
854 4772 964 4823 minuit.
1001 4774 1142 4826 Plenudea
1161 4774 1229 4825 aim·
1278 4790 1335 4825 νων
1357 4767 1458 4825 ἕκαστοί
1482 4786 1526 4825 σοι
1549 4808 1572 4823 ..
1594 4766 1641 4823 ἀπ’
1660 4766 1747 4838 ἀρχῆς
1772 4765 1841 4820 airu-

667 4843 782 4910 pliciter
799 4841 895 4892 vertit:
913 4833 951 4900 dg
966 4839 1013 4893 nal
1030 4842 1119 4894 ταῦτα
1134 4841 1229 4910 λαβεῖν
1279 4837 1388 4908 γράφω,
1408 4848 1436 4891 et
1451 4841 1582 4893 Mortian.
1601 4840 1668 4905 Cap.
1684 4839 1732 4901 lx,
1750 4838 1763 4903 §
1781 4843 1843 4889 898.

668 4911 821 4976 crepemus.
1280 4910 1466 4977 responditque
1483 4910 1702 4977 regulariter,
1736 4906 1784 4975 uhi
1803 4906 1841 4956 Η.

701 4976 871 5043 regulariter]
887 4976 1027 5029 Plenudea
1041 4975 1126 5028 vertit
1138 4969 1228 5042 ὥσπερ
1281 4976 1396 5027 Grotius
1426 4977 1571 5029 adnotavit
1599 4976 1654 5028 hoe
1677 4989 1843 5041 responsum

668 5044 799 5109 κανόνας,
824 5045 897 5095 inira
915 5044 928 5109 §
945 5049 988 5095 20.
1005 5040 1077 5098 κατὰ
1093 5039 1229 5103 κανόνας,·
1280 5042 1357 5094 veris
1388 5044 1537 5097 iustiniani
1567 5042 1712 5112 responsis
1742 5040 1844 5092 confir-

670 5114 855 5171 Forcellinns,
875 5113 922 5177 qui
942 5112 1063 5165 eontulit
1077 5113 1165 5165 verbo
1179 5112 1230 5161 Ul·
1281 5110 1362 5163 meri.

669 5180 793 5243 piuniin
814 5180 879 5245 urg.
902 5179 1230 5246 xv‚a‚a.1rrregu-
1316 5182 1355 5229 14.
1391 5178 1510 5245 nihilque
1538 5179 1615 5230 aliud
1645 5193 1701 5229 esre
1729 5181 1845 5235 centron,

670 5248 792 5297 lariter
822 5248 932 5297 dicimus
966 5255 1034 5308 ete,
1070 5246 1230 5305 unrorrnoil.
1281 5248 1335 5297 nisi
1350 5256 1476 5313 punctum
1494 5246 1558 5314 cte]
1588 5246 1631 5295 Gi.
1654 5262 1679 5295 e.
1701 5245 1746 5302 16,
1771 5241 1845 5306 510.

670 5313 774 5366 Sensus
796 5320 851 5365 ert:
888 5312 949 5376 „itu
974 5322 1004 5367 ut
1027 5315 1113 5368 vcrha
1136 5321 1232 5367 nostra
1283 5321 1312 5367 et
1329 5312 1488 5367 Archimed.
1510 5314 1545 5366 do
1567 5327 1642 5367 nom.
1662 5323 1766 5363 urenae
1788 5308 1803 5373 i
1822 5311 1847 5358 l.

1687 5396 1719 5460 Q
