5092 6425
749 893 792 960 10
1231 887 1441 956 MACROBII

750 1065 855 1131 mites:
895 1060 988 1146 igitur
1010 1058 1139 1146 sphaera
1163 1058 1276 1125 Martia
1297 1060 1377 1145 ignis
1400 1057 1566 1134 habeatur,
1595 1059 1767 1138 acrioris,
1798 1061 1921 1130 Saturni

751 1171 840 1236 aqua,
855 1156 944 1217 ‚terra
965 1167 1039 1212 vero
1061 1141 1217 1227 ἀπλανὴς,
1239 1145 1271 1208 in
1292 1166 1353 1231 qua
1372 1145 1494 1229 Elysios
1515 1165 1582 1209 csse
1604 1165 1729 1231 campos
1751 1148 1839 1232 puris
1860 1151 1923 1215 ani·

721 1237 809 1312 9mis
837 1235 1000 1319 deputatos
1029 1232 1196 1317 antiquitas
1224 1231 1313 1295 nobis
1344 1230 1585 1315 intellegendum
1615 1231 1750 1316 reliquit
1799 1234 1848 1299 Dc
1876 1236 1922 1302 bis

751 1321 865 1407 campis
888 1320 1003 1396 anima,
1040 1338 1109 1382 curn
1131 1317 1163 1380 in
1193 1337 1304 1402 corpus
1332 1316 1499 1393 emittitur,
1536 1336 1592 1400 per
1613 1323 1676 1382 tres
1698 1317 1922 1386 elementorum

752 1405 875 1471 ordines
899 1405 979 1469 trina
1001 1412 1102 1467 morte
1127 1403 1165 1467 ad
1188 1423 1300 1488 corpus
1324 1423 1424 1487 usque
1451 1401 1617 1467 descendit
1660 1404 1744 1468 Haec
1771 1415 1819 1470 est
1845 1406 1925 1471 inter

752 1491 927 1556 Platonicos
949 1489 987 1554 de
1009 1497 1108 1553 morte
1130 1488 1264 1565 animae,
1302 1508 1373 1552 cum
1401 1487 1433 1551 in
1463 1508 1574 1573 eorpus
1601 1488 1752 1567 truditur,
1790 1492 1924 1558 secunda

704 1577 913 1648 losententia.
955 1574 1018 1639 Alii
1040 1594 1111 1639 vcro
1131 1582 1218 1653 (nam
1237 1581 1302 1637 tres
1321 1593 1387 1638 esse
1407 1572 1489 1638 inter
1507 1594 1560 1639 eos
1580 1575 1803 1640 sententiarum
1824 1576 1924 1643 diver-

752 1664 858 1729 sitates
878 1668 950 1726 ante
964 1660 1165 1744 signavimus)
1187 1659 1218 1722 iu
1235 1658 1311 1723 duas
1330 1658 1458 1808 quidem
1474 1667 1506 1724 et
1523 1659 1579 1744 ipsi
1604 1667 1716 1744 partes,
1726 1659 1817 1760 ‘sicut
1833 1664 1924 1748 primi

751 1748 876 1824 laciunt,
897 1745 950 1810 sed
971 1766 1034 1809 non
1056 1745 1149 1810 isdem
1172 1743 1312 1809 terminis
1352 1742 1472 1809 ividunt
1488 1744 1650 1810 mundum.
1692 1746 1734 1811 Hs
1751 1767 1834 1812 enim
1857 1769 1924 1815 cae·

752 1833 817 1898 lum
839 1831 922 1916 quod
944 1825 1089 1914 ἀπλανὴς
1110 1831 1239 1917 sphaera
1260 1829 1412 1895 vocitatur
1432 1837 1550 1916 partem
1571 1851 1682 1908 unam,
1710 1838 1830 1917 septem
1851 1855 1923 1900 vero

753 1917 897 2002 sphaeras
925 1935 1004 2000 quae
1032 1937 1124 2001 vagae
1145 1923 1295 1981 vocantur
1320 1922 1352 1979 ct
1378 1914 1463 2000 quod
1484 1915 1565 1979 inter
1591 1915 1659 1980 illas
1683 1934 1719 1980 sc
1741 1924 1856 1984 terram
1878 1928 1926 1986 est

705 2007 741 2071 ll
754 2010 929 2087 terramque
951 2001 1048 2086 ipsam
1068 2003 1195 2067 alteram
1220 2008 1339 2086 partem
1362 2021 1429 2066 esse
1453 2000 1627 2067 voluerunt.
1670 2000 1846 2068 Secundum
1869 2005 1926 2071 bos

754 2109 843 2173 ergo,
871 2107 1004 2172 quorum
1026 2095 1126 2152 sectae
1146 2086 1298 2153 amicitior
1319 2093 1366 2151 est
1391 2086 1483 2164 ratio,
1508 2086 1628 2151 animae
1649 2087 1755 2153 beatae
1776 2089 1815 2153 ab
1837 2092 1924 2155 omni

754 2173 975 2257 cuiuscumque
995 2173 1177 2258 contagione
1200 2172 1338 2257 corporis
1359 2171 1472 2236 liberae
1500 2172 1618 2236 caelum
1642 2172 1813 2257 possident,
1844 2197 1925 2261 quae

754 2279 828 2324 vcro
854 2259 1061 2343 appetentiam
1091 2280 1143 2323 cor
1165 2259 1228 2323 oris
1254 2265 1287 2322 et
1313 2256 1406 2322 buius
1432 2277 1524 2343 quam
1551 2257 1583 2321 in
1606 2258 1696 2322 terris
1718 2259 1810 2324 vitam
1837 2283 1925 2326 voca-

753 2365 824 2409 mus
845 2344 884 2409 ab
903 2343 955 2408 illa
977 2345 1099 2429 specula
1125 2281 1272 2410 uilissima
1296 2350 1328 2407 et
1349 2353 1496 2428 perpetua
1520 2342 1588 2408 luce
1615 2342 1786 2442 despiciens
1806 2345 1925 2412 deside-

738 2424 802 2493 'rio
823 2428 929 2493 latenti
951 2449 986 2493 co
1009 2430 1136 2506 itaverit,
1156 2428 1293 2514 pondere
1313 2427 1380 2513 ipso
1403 2438 1543 2493 terrenae
1562 2429 1755 2526 cogitationis
1799 2433 1924 2498 aulatim

706 2514 787 2578 ltin
814 2512 958 2576 inleriora
984 2451 1145 2579 delabitur.
1192 2516 1257 2580 Nec
1282 2513 1425 2578 subitos
1448 2512 1581 2612 perfecta
1608 2452 1859 2612 incorporalitate
1881 2519 1924 2584 lu·

756 2604 841 2660 teum
863 2617 973 2695 corpus
1001 2598 1155 2677 induitur,
1194 2598 1247 2663 sed
1270 2597 1383 2663 sensim
1407 2619 1462 2683 per
1482 2607 1572 2664 tacita
1599 2599 1783 2666 detrimenta
1807 2612 1839 2668 et
1860 2604 1924 2668 lon·

756 2682 871 2766 giorem
896 2681 1042 2765 simplicis
1063 2691 1095 2749 et
1114 2683 1358 2749 absolutissimae
1381 2685 1524 2782 puritatis
1542 2705 1697 2750 recessum
1722 2686 1754 2750 in
1774 2688 1925 2773 quaedam

757 2764 867 2830 siderei
890 2767 1027 2851 corporis
1049 2769 1238 2833 incrementa
1258 2776 1421 2853 turgescit:
1461 2771 1494 2834 in
1522 2770 1650 2855 singulis
1678 2771 1760 2835 enim
1787 2774 1926 2859 sphaeris

756 2871 836 2937 quae
856 2850 941 2915 caelo
965 2851 1119 2919 subiectae
1142 2863 1215 2920 sunt
1240 2852 1377 2919 aetheria
1399 2855 1599 2922 obvolutione
1627 2857 1770 2937 vestitur,
1806 2868 1844 2926 ut
1870 2882 1926 2948 per

822 3021 893 3073 biss-
915 3021 1212 3089 BFMSPthGBrmJ
1291 3082 1294 3088 Α

754 3107 843 3174 dium)
860 3107 892 3160 F.
911 3136 940 3146 -
959 3110 988 3159 in
1005 3116 1113 3163 terram
1130 3111 1275 3164 Etanna.
1295 3112 1373 3164 —in
1391 3128 1443 3178 qua
1461 3112 1537 3173 (add.
1556 3128 1574 3166 s
1590 3131 1646 3166 sec.
1664 3118 1716 3175 m.)
1733 3114 1785 3166 tta.
1802 3143 1838 3156 -
1853 3136 1927 3172 cass-

753 3193 802 3246 pos
819 3192 874 3229 esse
891 3176 1058 3230 Eddd'Bars.
1077 3205 1109 3219 -·
1129 3182 1169 3233 ad
1185 3180 1389 3249 intelligendum
1405 3180 1456 3233 Rs.
1593 3187 1619 3235 9.
1654 3183 1728 3234 dum
1742 3183 1770 3234 in
1783 3201 1878 3254 eorpus
1894 3188 1925 3240 F.

755 3248 914 3299 -secunda
930 3263 987 3298 cum
1005 3248 1033 3298 in
1047 3265 1141 3316 corpus
1158 3250 1276 3301 truditur
1288 3248 1319 3299 F.
1449 3252 1490 3298 10.
1525 3249 1593 3303 inter
1608 3268 1651 3303 eos
1666 3267 1721 3302 esse
1737 3268 1799 3319 ug.
1809 3281 1842 3293 —
1855 3256 1925 3324 ante]

755 3312 807 3379 54.
817 3314 911 3381 -ipsi
928 3320 996 3374 (om.
1008 3320 1047 3376 et)
1066 3316 1148 3369 s-bP.
1163 3325 1291 3384 -partes
1308 3317 1375 3368 sieut
1391 3324 1415 3368 et
1431 3317 1484 3383 ipsi
1500 3317 1551 3369 Rl.
1562 3344 1594 3357 ·-
1604 3336 1658 3369 non
1672 3320 1796 3372 dividunt
1814 3322 1928 3376 hisdem

755 3382 873 3433 terminis
889 3382 939 3433 112.
950 3384 1053 3434 -Hie
1071 3386 1139 3436 enim
1156 3400 1224 3435 1.-
1236 3385 1291 3451 qui
1308 3385 1418 3451 aplanes
1436 3392 1504 3445 (om.
1519 3386 1633 3447 caetum)
1652 3386 1685 3438 B.
1700 3416 1724 3425 -
1741 3389 1856 3455 sphaera
1873 3408 1927 3445 om.

754 3447 786 3500 Ιι.
806 3474 840 3487 -
862 3450 1002 3502 vocitetur
1018 3451 1154 3504 Pareae.
1177 3461 1211 3491 -'-
1235 3453 1347 3504 alterans
1365 3467 1418 3503 om.
1437 3452 1467 3503 b.
1623 3458 1664 3506 ll.
1699 3455 1747 3507 isos
1763 3457 1872 3525 igitur
1894 3460 1925 3513 S.

754 3540 789 3553 -·
811 3518 942 3569 amicitior
965 3518 1080 3571 BSGrl.
1118 3520 1260 3571 amicirier
1283 3520 1326 3570 R2
1348 3519 1426 3585 (Ful
1453 3520 1507 3571 del.
1527 3520 1575 3585 cs').
1615 3523 1738 3575 amicior
1762 3526 1926 3580 v3=bPBsss.

755 3582 815 3633 Vid.
833 3581 985 3636 Forcellin.
1006 3587 1061 3637 lex.
1078 3603 1101 3636 s.
1117 3603 1142 3637 v.
1158 3588 1266 3638 amicus.
1283 3614 1318 3625 -
1334 3588 1467 3653 cuiusque
1482 3587 1576 3639 LBsn.
1595 3615 1629 3628 -
1643 3592 1672 3642 in
1688 3598 1764 3644 terra
1778 3592 1809 3643 b.
1828 3622 1856 3633 -
1875 3604 1927 3647 ter·

755 3665 835 3699 rasae
854 3652 1024 3718 cogitationis
1041 3669 1096 3704 om.
1116 3652 1186 3705 Burs.
1222 3661 1284 3707 terr.
1302 3655 1489 3723 contagionis
1504 3654 1575 3707 {tlt}
1594 3657 1638 3722 (ia
1658 3658 1681 3709 Β
1699 3660 1806 3726 legitur
1823 3661 1851 3713 in
1868 3680 1896 3715 rn
1918 3700 1926 3715 .

756 3731 846 3767 asca.
865 3722 916 3776 m.)
939 3719 1010 3781 „Mn
1032 3736 1050 3772 s
1068 3736 1122 3770 sec.
1142 3722 1199 3771 m.“
1356 3724 1394 3771 12.
1430 3739 1448 3774 a
1469 3726 1589 3791 perfecta
1609 3682 1926 3795 blesa-gstmsssmfi.

755 3781 894 3847 ‚‚scripti“
911 3783 998 3835 Gron-
1032 3787 1091 3837 lrao
1105 3790 1224 3854 perfecta
1243 3804 1297 3839 s·s.
1317 3815 1341 3825 -
1363 3791 1493 3842 tuteusnc
1541 3808 1573 3842 us
1591 3798 1692 3861 aperf.
1710 3796 1878 3865 secespita
1896 3827 1925 3839 -

755 3849 873 3930 aelberto
890 3849 1017 3971 lpl'RlG.
1052 3854 1184 3907 aetberea
1201 3855 1410 3908 flaucatum.
1427 3851 1511 3910 —su
1536 3859 1669 3915 volutione
1686 3878 1712 3915 v.
1730 3865 1877 3920 oblivione
1893 3866 1925 3919 Is.

755 3943 790 3955 -
808 3933 889 3969 socsa
909 3936 918 3970 r
936 3934 961 3970 v.

753 4086 822 4139 pora
838 4077 909 4125 terra
926 4071 997 4124 coelo
1013 4072 1134 4141 marique
1146 4092 1216 4127 nunc
1232 4075 1317 4129 incre-
1364 4076 1451 4145 poris:
1470 4080 1499 4129 st
1515 4078 1638 4132 omniurn
1657 4080 1794 4135 librorum
1810 4102 1926 4139 cousen-

754 4142 849 4193 mcntis
865 4149 1049 4208 consequenter
1063 4144 1168 4263 nuperi,
1183 4161 1254 4196 nunc
1269 4145 1317 4197 de-
1367 4161 1415 4199 sus
1438 4146 1560 4229 obstat&
1580 4154 1609 4201 et
1636 4157 1730 4217 potest
1757 4170 1825 4205 saue
1854 4156 1926 4209 illud

755 4210 889 4261 trementis
907 4210 1075 4276 obsequenter
1110 4212 1213 4263 iminui.
1366 4229 1475 4281 quoque
1491 4214 1569 4266 icrrr.

789 4279 815 4328 8.
854 4278 883 4328 in
906 4294 959 4344 qua
986 4278 1095 4343 Elysios
1117 4280 1315 4347 csse.campos]
1419 4282 1531 4334 nutatim
1565 4283 1593 4332 in
1625 4284 1754 4350 inferiora
1784 4288 1926 4358 delabitur]

756 4341 856 4407 „Maro
872 4345 906 4394 de
925 4344 1024 4409 Elysio
1044 4346 1194 4413 magnifice
1214 4347 1265 4398 lib.
1283 4348 1315 4397 V.
1366 4386 1384 4413 „
1410 4348 1656 4403 dPemmachinm
1672 4352 1704 4403 Ι).
1723 4353 1926 4424 Hieronymum

756 4407 791 4475 [r.
808 4413 859 4458 733
877 4409 985 4476 σαφής,
1002 4411 1062 4463 Nan
1079 4430 1120 4465 me
1136 4416 1219 4482 impia
1235 4432 1314 4466 nam·
1367 4416 1440 4467 Dieit
1460 4416 1604 4486 Origenes,
1624 4419 1729 4485 inquit,
1752 4434 1860 4478 cunctas
1878 4443 1926 4477 ra-

755 4491 805 4541 que
830 4478 945 4528 Tartara
967 4477 1079 4543 babent,
1115 4483 1234 4534 tristasse
1254 4498 1315 4533 um·
1364 4484 1478 4535 tionales
1496 4492 1633 4537 creaturas
1649 4488 1828 4556 incorporales
1843 4501 1869 4545 et
1884 4496 1927 4545 s'n-

756 4542 834 4605 brae3
861 4544 913 4595 ¹sed
936 4560 1046 4598 amoena
1067 4548 1173 4615 piorum
1196 4550 1315 4602 Consilia
1364 4552 1495 4616 visibiles,
1531 4554 1555 4604 si
1582 4556 1792 4624 negligentiores
1809 4562 1925 4626 fuerint,

756 4609 959 4677 Elysiumque
978 4613 1042 4664 colo.
1078 4616 1170 4668 Aliter
1187 4617 1215 4668 in
1235 4622 1315 4670 sesto
1362 4620 1498 4687 paulatim
1514 4620 1551 4671 ad
1566 4622 1695 4686 inferiora
1710 4625 1778 4688 tabi,
1807 4636 1832 4679 et
1849 4630 1927 4681 iusta

754 4675 896 4730 Martialis
920 4680 975 4745 [ep.
997 4681 1052 4748 58.]
1082 4684 1104 4733 0
1127 4702 1205 4751 quam
1229 4702 1315 4753 paene
1365 4689 1510 4753 qualitates
1527 4688 1641 4740 locorum
1661 4692 1785 4761 adquae
1806 4696 1927 4763 defluunt

755 4743 805 4794 tibi
835 4746 947 4814 Stygias
972 4763 1022 4816 ego
1046 4758 1140 4818 raptus
1163 4754 1200 4803 ad
1227 4754 1315 4804 undas
1365 4772 1497 4812 assumere
1512 4757 1563 4806 sibi
1585 4774 1708 4825 corpora,
1743 4763 1816 4813 uerbi
1832 4766 1927 4833 gratia

756 4811 896 4876 Elysiae
907 4815 965 4865 uidi
982 4815 1074 4867 nubila
1089 4819 1168 4882 fusca
1178 4821 1315 4889 plagao·“
1362 4824 1477 4890 primum
1490 4823 1725 4887 aetherea,deinde
1735 4846 1823 4881 aerea.
1847 4834 1926 4883 Cum-

753 4875 841 4931 Ponn.
874 4879 921 4931 Vir
943 4880 1024 4932 ilium
1036 4884 1170 4936 statuisse
1183 4890 1255 4953 apud
1271 4888 1315 4939 ia·
1366 4906 1415 4957 que
1447 4891 1484 4941 ad
1514 4891 1604 4942 uicina
1632 4900 1721 4947 terrae
1747 4901 1916 4965 pervenerint

754 4897 1057 5025 ieros‘eseeffiilysium
1080 4952 1172 5006 clucet
1193 4971 1227 5005 ex
1246 4956 1315 5007 ders.
1365 4958 1535 5009 crassioribus
1570 4963 1721 5027 corporibus
1754 4938 1925 5033 circumdari:

753 5011 803 5064 lib.
824 5016 874 5079 tl,
892 5033 917 5067 v.
937 5020 988 5066 637
1005 5032 1081 5081 seqq.
1191 5048 1200 5058 ·
1363 5026 1504 5075 nouissime
1539 5026 1663 5082 bumanis
1698 5034 1822 5086 carnibus
1860 5036 1925 5087 atli-

790 5085 831 5133 ll.
866 5083 899 5134 ab
923 5086 994 5135 omni
1021 5085 1198 5151 cuiuscunque
1220 5096 1314 5141 conta-
1363 5092 1458 5161 gari.“
1489 5092 1577 5144 Peter.

752 5151 833 5219 gione
858 5153 975 5218 corporis
998 5151 1104 5220 liberae]
1136 5154 1255 5220 Propter
1280 5174 1314 5210 ca
1399 5162 1440 5209 12.
1487 5177 1505 5210 a
1537 5165 1657 5227 perfecta
1696 5165 1924 5236 incorporalitate]

753 5234 826 5284 quae
849 5218 976 5285 proxime
1005 5225 1160 5285 sequuntur
1186 5223 1313 5289 mallem,
1362 5225 1444 5276 Hanc
1479 5226 1649 5294 scripturam
1687 5240 1763 5284 recte
1800 5225 1926 5289 deierfflit

753 5293 785 5339 ut
801 5304 825 5338 c.
840 5292 867 5354 8,
885 5286 948 5355 lsso
966 5288 1063 5358 legere
1081 5291 1244 5361 cogitatibus
1255 5310 1314 5345 oar·
1364 5294 1450 5347 Gran.
1487 5295 1637 5364 Significat
1655 5297 1730 5352 euim
1751 5305 1925 5371 praepositio
