5092 6425
766 889 969 958 COMM.1N
991 885 1236 956 SOMN.SC1P.
1280 889 1356 954 LlB.
1376 891 1415 955 II.
1459 890 1549 958 CAP.
1566 892 1618 960 IV.
1639 895 1676 961 V.
1744 897 1804 962 153

636 1083 728 1148 quarn
751 1070 787 1126 ut
809 1060 1012 1126 humanarum
1037 1057 1157 1122 aurium
1181 1058 1347 1143 recipiatur
1368 1061 1526 1145 angustiis.
1572 1063 1668 1141 Nam,
1696 1066 1720 1128 si
1740 1068 1803 1134 Nili

635 1147 784 1232 catadupa
805 1147 843 1211 ab
863 1144 989 1210 auribus
1017 1143 1186 1207 incolarum
1214 1145 1449 1230 amplitudinem
1473 1146 1601 1231 fragoris
1627 1150 1803 1229 excludunt,

636 1234 709 1318 quid
733 1234 861 1309 rnirurn,
889 1231 914 1295 si
937 1236 1076 1293 nostrum
1099 1249 1193 1294 sonus
1215 1230 1336 1295 excedit
1357 1233 1496 1297 auditum
1516 1253 1609 1317 quern
1630 1236 1803 1301 mundanae

634 1319 724 1382 molis
747 1318 886 1402 inpulsus
908 1314 1041 1379 emittit‘l
1097 1315 1162 1380 Nec
1189 1316 1271 1378 enim
1300 1316 1338 1380 de
1365 1318 1462 1382 nihilo
1485 1327 1532 1382 est
1553 1319 1635 1403 quod
1656 1321 1714 1385 ait:
1751 1324 1806 1408 qui
1814 1323 1853 1389 15

635 1406 749 1489 couplet
769 1425 857 1467 aures
877 1424 956 1464 meas
976 1411 1075 1463 tantus
1094 1410 1119 1462 ct
1139 1412 1199 1464 tam
1219 1401 1314 1465 dulcis
1333 1425 1442 1474 sonus:
1463 1403 1515 1467 sed
1539 1406 1635 1470 voluit
1657 1406 1804 1491 intellegi,

636 1488 766 1573 quodsi
795 1488 861 1551 eius
889 1485 942 1570 qui
969 1484 1151 1549 caelestibus
1180 1487 1294 1550 meruit
1319 1488 1466 1552 interesse
1493 1491 1617 1554 secretis
1643 1493 1802 1576 conpletae

634 1595 723 1637 aures
750 1581 822 1637 sunt
844 1572 912 1635 soni
936 1569 1163 1654 magnitudine,
1198 1577 1353 1657 superest,
1384 1582 1420 1637 ut
1447 1582 1618 1640 ceterorum
1640 1576 1802 1644 horninum

634 1680 741 1723 sensus
761 1657 936 1722 mundanae
956 1657 1166 1721 concinentiae
1188 1679 1250 1722 non
1270 1659 1370 1743 capiat
1388 1658 1537 1724 auditum.

719 1746 756 1809 V.
800 1742 859 1807 Sed
881 1743 941 1804 iam
964 1749 1127 1806 tractatum
1148 1741 1185 1806 ad
1204 1744 1365 1827 sequentia
1385 1743 1591 1811 conseramus:
1619 1747 1702 1811 Vides
1720 1749 1807 1813 lralri·v
1834 1753 1849 1815 1

634 1831 696 1893 tari
716 1831 750 1892 in
771 1840 852 1892 terra
879 1828 961 1890 raris
983 1838 1009 1891 et
1030 1829 1163 1911 enpustis
1182 1830 1253 1892 lacis
1276 1842 1301 1893 et
1322 1831 1356 1893 ire
1376 1832 1450 1917 ipsis
1472 1834 1561 1918 quasi
1578 1834 1716 1905 mades,
1751 1836 1806 1898 uti

634 1917 801 1989 habetatur,
828 1923 926 1976 uastas
946 1913 1119 1977 solitudines
1139 1915 1319 1989 interiectas,
1350 1938 1453 2002 easque
1472 1919 1527 2003 qui
1544 1919 1677 1982 incolunt
1693 1930 1805 1982 terram

634 2022 697 2064 aaa
721 1999 808 2062 modo
835 1999 1017 2083 interruptos
1041 1999 1084 2062 ita
1111 2022 1185 2076 csse,
1224 2011 1258 2063 ut
1282 2001 1362 2064 ntltt
1387 2004 1466 2065 iuter
1492 2005 1573 2088 ipsos
1602 2003 1734 2070 eduliis
1763 2005 1805 2070 ad

636 2088 710 2149 alios
728 2105 852 2148 manare
871 2085 978 2170 possit,
1004 2083 1056 2147 sed
1074 2086 1187 2170 partim
1207 2085 1354 2172 obliquos,
1374 2087 1490 2172 partim
1509 2100 1705 2163 transuersos,
1725 2111 1803 2175 par·

634 2173 687 2234 tim
708 2171 794 2234 etiam
813 2169 956 2242 ,aduersos
979 2179 1058 2232 stare
1076 2171 1173 2245 uobis,
1215 2194 1234 2234 a
1263 2172 1369 2257 quibus
1398 2184 1551 2257 aspectare
1576 2174 1704 2257 pieriam
1729 2185 1805 2238 certe

635 2257 748 2320 animm
775 2257 905 2340 potestas.
957 2254 1059 2319 Cernis
1087 2267 1184 2318 autern
1216 2257 1338 2320 eandem
1370 2267 1481 2320 terram
1511 2260 1600 2344 quasi
1628 2258 1805 2343 quibusdam
1832 2260 1854 2324 2

635 2343 804 2406 redimitam
821 2351 846 2403 et
864 2339 1076 2406 circumdatam
1095 2340 1230 2427 crapulis,
1250 2365 1264 2406 e
1285 2342 1391 2428 puilia
1411 2342 1486 2407 duos
1505 2345 1636 2408 maxime
1656 2344 1734 2407 inter
1751 2358 1854 2429 seper]

1430 2466 1514 2529 [an.
1532 2464 1735 2534 vicalrgspdab.

636 2565 694 2599 mres
708 2549 755 2600 lroc
772 2548 805 2599 B.
824 2579 855 2588 -
870 2565 1011 2618 ponamus
1029 2547 1072 2600 Sl.
1087 2578 1120 2587 -
1141 2567 1219 2617 quam
1238 2552 1274 2601 ab
1291 2551 1360 2602 ium.
1380 2551 1428 2610 (ab
1445 2567 1459 2600 e
1477 2567 1561 2612 corn,
1579 2551 1635 2602 rid.
1651 2550 1741 2602 fuisse
1754 2551 1805 2610 ad)

635 2616 669 2666 R.
704 2625 734 2669 ut
751 2619 822 2668 ham.
844 2625 912 2679 (orn.
932 2623 1024 2684 qaam)
1044 2619 1097 2669 Hl.
1121 2647 1148 2656 —
1178 2621 1323 2685 recipiatur
1343 2618 1551 2686 Mser-glimo
1570 2620 1707 2682 „membr
1726 2625 1806 2669 retn-

637 2683 727 2734 atior“
746 2686 830 2736 Gran.
866 2685 945 2749 „Non
965 2687 1069 2736 male.“
1088 2687 1172 2737 Zeun.
1207 2689 1328 2754 recipiat
1345 2685 1367 2736 C
1385 2704 1446 2753 snp.
1466 2687 1532 2748 lin,
1551 2687 1685 2751 „membr¹
1705 2688 1806 2738 altera.

636 2752 691 2803 Sed
711 2754 827 2818 primam
847 2756 1016 2820 praepono.“
1037 2754 1122 2805 Gran.
1156 2755 1301 2822 percipiat
1320 2771 1376 2805 a-z.
1399 2784 1433 2792 —
1458 2763 1572 2808 natura
1590 2755 1695 2806 simili
1716 2755 1806 2807 catad.

636 2837 661 2870 v.
685 2850 717 2856 -
747 2823 906 2889 catadupla
920 2818 989 2873 usl.
1025 2824 1195 2890 cataduppa
1215 2821 1244 2874 G.
1281 2824 1437 2892 catadupla
1455 2826 1498 2874 v3.
1527 2851 1560 2859 —
1579 2824 1704 2892 frigoris
1722 2840 1750 2890 g.
1772 2850 1807 2860 -

637 2889 885 2957 eaducunt.'quid
903 2893 926 2941 si
942 2906 1020 2942 sonus
1038 2899 1155 2941 nostram
1179 2892 1258 2949 (add.
1276 2908 1292 2943 a
1311 2909 1366 2944 sec.
1385 2908 1422 2943 rn.
1440 2893 1548 2950 mirum)
1567 2890 1600 2940 F.
1627 2920 1658 2929 -
1689 2908 1767 2942 sanus
1784 2888 1808 2940 si

636 2964 751 3007 nastrum
771 2959 821 3007 Rl.
977 2961 1018 3008 15.
1054 2960 1109 3024 que]
1130 2958 1225 3009 Somn.
1244 2959 1281 3023 V,
1305 2963 1329 3009 1.
1353 2987 1387 2996 -
1410 2960 1483 3025 qais
1501 2966 1548 3009 est
1565 2961 1611 3024 qui
1628 2958 1659 3010 F.
1682 2987 1713 2997 —
1738 2975 1809 3010 eam·

634 3026 723 3090 pictae
741 3033 801 3075 snat
819 3041 897 3074 aures
915 3025 972 3073 soni
989 3042 1080 3092 araga.
1106 3023 1179 3075 CRl.
1231 3044 1309 3077 aures
1327 3034 1388 3077 sunt
1405 3027 1463 3076 soni
1478 3043 1571 3094 magn.
1591 3028 1734 3094 completae
1756 3026 1808 3075 Ra.

636 3109 743 3209 —dnpn
761 3093 851 3208 eppim
866 3092 988 3142 auditum
1007 3093 1184 3143 concinentiae
1202 3092 1235 3144 G.
1275 3110 1346 3145 canc.
1363 3111 1416 3145 aon
1432 3100 1534 3160 captet
1553 3098 1629 3160 (sup.
1648 3095 1685 3145 al.
1703 3095 1808 3161 capiat)

637 3176 673 3209 aa
694 3177 702 3207 ι
716 3176 759 3208 um
801 3193 807 3207 .

706 3227 736 3276 V.
776 3230 861 3292 Caput
885 3227 915 3276 1⁷.
955 3226 1052 3277 'l'errae
1067 3227 1233 3278 medietatem
1250 3244 1318 3290 eam,
1337 3229 1365 3279 in
1382 3244 1435 3295 qua
1450 3245 1609 3289 noscamus,
1624 3228 1738 3294 quiaque
1754 3242 1809 3278 esse

638 3294 790 3344 distinctam
813 3294 899 3344 zonis.-
932 3295 1052 3360 quodque
1072 3310 1103 3344 ea
1125 3295 1158 3346 iis
1181 3294 1253 3362 (alig
1273 3297 1329 3355 liis)
1351 3297 1421 3347 duae
1441 3304 1545 3348 tantum
1567 3297 1620 3348 siat
1640 3296 1809 3360 habitabiles,

638 3379 750 3428 paurum
769 3363 855 3412 altera
870 3361 1002 3412 lralitetar
1020 3378 1037 3410 a
1054 3362 1142 3424 nadis,
1165 3363 1278 3413 alteram
1296 3365 1342 3430 qui
1361 3364 1433 3429 (alig
1450 3362 1579 3429 quinam)¹
1591 3363 1707 3414 incolant
1725 3364 1811 3413 lromi-

636 3448 696 3491 aes,
719 3432 871 3498 ignoretur.-
905 3436 960 3479 tum
978 3445 1038 3479 aero
1055 3436 1079 3480 et
1097 3430 1124 3479 iu
1142 3430 1245 3497 reliqua
1262 3437 1349 3482 terrae
1367 3432 1507 3483 medietate
1525 3447 1607 3481 sanas
1623 3446 1678 3480 esse
1694 3431 1809 3494 easdem,

638 3507 662 3551 et
678 3500 746 3551 inter
763 3498 825 3548 illas
844 3498 912 3547 duas
929 3513 1031 3563 quaqua
1049 3496 1120 3564 (chg
1138 3515 1239 3566 quaque
1257 3500 1340 3558 duas)
1359 3499 1556 3550 abdominibus
1574 3498 1699 3549 habitari.
1730 3498 1809 3550 alr-b.

739 3570 763 3616 1.
801 3566 854 3615 Sed
938 3568 1104 3628 conseramus
1126 3565 1154 3617 ia
1174 3566 1243 3617 ch-l)
1269 3566 1411 3632 pertinent
1429 3567 1463 3618 ad
1476 3567 1572 3632 -caput
1590 3564 1730 3633 superius.
1765 3564 1810 3617 Cl.

636 3635 659 3691 l.
680 3634 752 3700 to‚§
775 3637 795 3683 l.
815 3633 883 3693 etl,
903 3636 944 3692 16,
964 3632 977 3697 §
997 3636 1021 3682 1.
1040 3661 1075 3670 —
1096 3635 1133 3684 ad
1153 3636 1289 3700 sequentia
1307 3642 1449 3687 tractatum
1467 3637 1633 3699 conseramus
1649 3633 1682 3684 F·
1703 3660 1734 3671 -
1762 3634 1810 3685 Vi-

638 3702 692 3769 des]
718 3702 813 3752 Somn·
841 3701 892 3764 lll,
921 3704 945 3751 l.
975 3727 1006 3737 -
1041 3704 1166 3768 angustis
1191 3703 1254 3753 lacis
1278 3737 1285 3753 .
1310 3719 1392 3770 usque
1416 3740 1422 3753 .
1447 3704 1491 3768 qui
1515 3710 1603 3753 tamen
1626 3709 1702 3754 tanta
1730 3702 1757 3767 (ᾗ
1781 3704 1808 3753 3.

637 3770 750 3822 omissis
772 3767 928 3820 interiectis
953 3768 1047 3819 verbis
1066 3769 1225 3831 Ciceronis)
1249 3770 1281 3821 B.
1312 3797 1340 3809 —
1370 3771 1487 3823 incolunt
1506 3769 1720 3821 FSRl2c-erG.
1767 3770 1811 3821 in·

638 3841 748 3903 colant,
777 3844 807 3889 ut
825 3838 919 3889 Somn.
939 3836 956 3886 l.
980 3854 1017 3899 c.,
1046 3836 1130 3889 caio.
1161 3868 1196 3876 —
1224 3856 1342 3890 manere
1359 3839 1390 3889 P.
1415 3867 1450 3878 -
1477 3839 1557 3892 stiam
1574 3855 1684 3891 aversos
1706 3837 1809 3905 viagG.

636 3936 669 3944 -
701 3908 784 3958 nobis
812 3906 843 3955 F.
872 3935 906 3943 —
936 3907 1045 3970 potestis
1075 3905 1459 3973 craacahgopunssnnffn.
1503 3905 1633 3972 „Textus
1664 3905 1810 3958 Ciceronis

637 3974 698 4041 ipse
720 3974 913 4040 cornprobat.“
935 3973 1020 4025 Zeun.
1069 3977 1179 4042 poteris
1201 3974 1417 4027 arants-asto.
1567 3980 1593 4027 2.
1629 3974 1746 4042 cingulis
1766 3973 1811 4034 112

673 4079 731 4129 Nili
746 4077 892 4145 catadupa]
910 4076 953 4126 Gi.
971 4077 1064 4128 Somn.
1083 4078 1113 4141 V,
1129 4083 1153 4128 3.
1170 4057 1213 4130 et⁴
1247 4078 1272 4144 [§
1299 4078 1352 4143 la]
1378 4078 1526 4128 Maximum
1553 4084 1740 4144 argumentum
1770 4084 1809 4129 est

638 4146 773 4206 Herodot.
792 4146 834 4207 ll,
856 4149 896 4195 17.
915 4143 1094 4209 Αἴγυπτον..
1113 4139 1199 4211 ἀρξα-
1249 4147 1334 4196 animi
1357 4146 1389 4195 ab
1413 4146 1505 4195 altiori
1527 4146 1656 4195 uenientis
1680 4145 1753 4207 sede,
1787 4145 1812 4196 ei

637 4209 720 4280 μένην
744 4205 808 4263 aind
833 4206 1078 4263 Καταδούπων.
1127 4214 1198 4263 Rem
1249 4214 1323 4275 haee,
1338 4213 1366 4263 iu
1385 4212 1478 4278 quitus
1493 4221 1624 4275 uersatur,
1641 4212 1753 4263 humilia
1768 4212 1812 4263 iu·

639 4286 857 4331 commemorant
874 4279 967 4330 Strab.
984 4278 1069 4342 xvll,
1088 4297 1112 4345 p.
1127 4284 1198 4343 786,
1251 4281 1324 4331 dicat
1341 4287 1365 4331 et
1380 4286 1533 4347 angusta.

638 4350 713 4400 Plin.
732 4347 764 4397 N.
788 4347 1106 4412 H.t'1,29,s.35,§
1129 4353 1198 4412 181.,
1281 4349 1311 4398 in
1334 4348 1399 4414 ipsis
1422 4348 1500 4413 quasi
1520 4346 1641 4413 maculis]
1668 4346 1810 4398 Pantanus

639 4418 704 4467 Sen.
730 4415 763 4466 N.
788 4416 821 4479 Q.
847 4415 898 4476 lV,
923 4417 954 4475 2,
980 4413 993 4478 §
1016 4418 1054 4476 5.,
1091 4416 1199 4467 Vitrnr.
1251 4415 1360 4466 confert
1384 4414 1496 4480 Apuleii
1525 4415 1560 4465 sle
1583 4415 1686 4465 mundo
1717 4416 1811 4466 locum

638 4485 718 4547 vm,
747 4487 777 4546 2,
806 4489 848 4544 6.3
881 4483 929 4532 sed
950 4489 1086 4532 vocantur
1109 4484 1200 4535 abiis
1252 4484 1288 4550 [a.
1309 4483 1362 4548 5.],
1398 4482 1445 4533 ubi
1473 4500 1488 4533 a
1512 4482 1604 4550 Lipsii
1632 4492 1660 4534 ct
1682 4482 1811 4535 Vulcanii

639 4559 805 4615 cataractae,
834 4545 1035 4615 eucadda‘aaat,
1071 4550 1201 4602 homines
1251 4550 1444 4602 emendatione
1460 4550 1580 4617 legitur:
1609 4553 1812 4603 minaresalias

641 4622 801 4672 accolentes
825 4620 977 4685 Catadupos
997 4618 1201 4670 naminatPli-
1251 4628 1281 4671 ut
1312 4620 1449 4670 naeauli
1482 4620 1592 4685 quidam
1624 4636 1672 4685 per
1704 4623 1812 4690 reputas

640 4690 704 4740 nius
722 4688 754 4738 N.
774 4688 810 4738 ll.
831 4686 913 4748 V,9,
932 4703 954 4736 s.
976 4688 1032 4750 lo,
1056 4693 1087 4737 ut
1104 4686 1202 4738 Tlreo-
1250 4688 1326 4755 ponti
1344 4695 1405 4738 sunt
1421 4682 1531 4754 sparsae
1546 4687 1679 4757 regiones,
1698 4677 1811 4746 [silita.
1845 4709 1847 4716 ·

641 4759 748 4823 phrast.
773 4758 806 4805 ‹lo
829 4756 886 4820 lap.
911 4754 924 4818 p
951 4758 992 4804 62.
1016 4760 1043 4804 et
1067 4755 1202 4807 Herodot.
1254 4756 1288 4821 [c.
1302 4754 1339 4819 1.]
1357 4756 1456 4806 multae
1473 4757 1546 4806 aliae
1562 4757 1655 4807 artes
1669 4756 1812 4807 admodum

642 4828 662 4877 l.
683 4844 706 4875 c.
725 4818 740 4875 ὁ
758 4819 809 4892 γὰρ
829 4818 863 4889 δὴ
885 4822 983 4881 Νεῖλος
1000 4815 1151 4889 ἀρξάμενος
1169 4820 1204 4875 ἐκ
1253 4839 1363 4890 sparsae
1386 4823 1454 4873 lianc
1476 4832 1592 4875 nostram
1619 4825 1749 4888 insulam,
1783 4824 1813 4874 id

642 4894 708 4944 τῶν
729 4885 976 4943 Καταδούπων.
1254 4899 1292 4943 est
1309 4891 1378 4942 dune
1397 4898 1526 4942 terrarum
1543 4893 1643 4957 erlem,
1673 4909 1814 4945 ornamen-

677 4961 714 5025 V,
744 4967 769 5011 l.
811 4961 881 5010 raris
913 4967 936 5009 et
967 4958 1102 5026 angustiis
1129 4958 1202 5027 lacis]
1254 4961 1289 5011 tis
1305 4960 1359 5009 suis
1374 4960 1535 5027 pingant-et
1554 4963 1763 5023 continuatione,
1782 4966 1813 5011 ut

641 5030 783 5080 Pantanus
803 5028 911 5078 confert
926 5026 1049 5077 Senecae
1067 5026 1129 5077 Nat.
1149 5028 1202 5092 er.
1254 5028 1410 5094 quidusdam
1429 5029 1514 5091 sertis,
1532 5038 1668 5094 coronant,
1684 5029 1734 5079 nbi
1752 5029 1814 5092 ipss

642 5098 692 5147 lib.
710 5098 732 5147 1.
752 5096 862 5163 prologi
875 5095 971 5145 linem:
993 5096 1023 5145 Si
1036 5095 1103 5146 nita
1117 5097 1203 5160 aliud,
1254 5094 1370 5146 coniicit
1400 5096 1552 5164 legendum
1588 5114 1650 5148 esse
1684 5097 1814 5147 taceres

643 5166 691 5214 irae
715 5166 904 5225 certe·sciam,
942 5164 1030 5214 amnia
1056 5173 1204 5233 angusta
1254 5163 1412 5224 admodum,
1447 5173 1478 5214 nt
1506 5165 1548 5215 sic
1575 5180 1677 5231 parvae
1703 5162 1814 5213 insulae

645 5248 714 5291 esse,
736 5248 840 5283 mensus
859 5231 949 5292 deum,
971 5232 1021 5282 ubi
1038 5231 1099 5283 sine
1119 5249 1205 5285 causa
1254 5238 1430 5297 opponantur
1452 5232 1578 5300 magnis,
1609 5247 1679 5298 quae
1700 5229 1729 5279 in
1752 5246 1813 5295 cap.

646 5298 733 5352 scribi
750 5300 812 5352 vult
829 5305 933 5353 caetera
947 5299 1038 5366 sciam,
1055 5304 1084 5352 et
1096 5318 1140 5366 cp.
1155 5304 1206 5353 120
1255 5298 1344 5368 princ.
1368 5305 1502 5353 vocantur
1525 5302 1677 5353 insularum
1700 5312 1827 5363 agganaz
