5092 6425
654 920 753 969 xnvm
1094 889 1427 964 PROLEGOMENA.

654 1087 718 1123 nem
737 1067 812 1121 bivii
835 1080 935 1119 curare
952 1064 1064 1132 scribit,
1090 1073 1168 1120 etex
1187 1066 1254 1119 libri
1273 1067 1323 1119 lll.
1341 1066 1463 1136 epistola
1480 1068 1541 1133 ll·,
1564 1061 1614 1123 uiri
1631 1060 1775 1120 Naucellii
1792 1063 1877 1120 amici

655 1159 817 1225 eclogarum
840 1152 966 1206 ordinem
989 1153 1133 1205 contusum
1152 1170 1184 1205 se
1203 1152 1390 1220 descripsisse
1405 1153 1507 1217 refert,
1525 1153 1639 1221 colligit
1653 1153 1730 1206 bunc
1746 1153 1877 1223 Symma-

655 1244 739 1296 chum
757 1257 820 1293 essc
836 1239 928 1306 ipsum
946 1245 1086 1291 nrrtorem
1103 1243 1185 1305 utque
1203 1244 1346 1290 auctorem
1367 1237 1564 1304 epistolarumr
1592 1238 1663 1305 qnod
1685 1238 1799 1305 quidem
1824 1253 1876 1291 non

655 1333 700 1381 est
735 1324 881 1378 credibile.
925 1321 995 1376 Nam
1019 1323 1226 1391 'Symmachum
1247 1324 1329 1375 illum
1353 1323 1474 1376 vidimus
1501 1324 1591 1376 luisse
1614 1325 1760 1391 aequalem
1784 1329 1878 1376 aelate

657 1413 789 1465 maiorem
813 1409 966 1475 Macrobii,
992 1425 1082 1476 neque
1106 1425 1236 1476 umquam
1253 1413 1373 1485 ponetur
1396 1410 1547 1461 Memmius.-
1564 1426 1618 1476 quo
1636 1409 1749 1476 quidem
1766 1410 1878 1462 nomine

657 1499 718 1551 eins
735 1497 813 1563 lilius
831 1497 1008 1563 appelletur,
1026 1501 1056 1546 et
1074 1500 1220 1562 prseterce
1237 1511 1292 1546 nnn
1312 1496 1342 1560 Q.
1362 1496 1486 1547 Aurelius
1511 1494 1559 1545 sed
1587 1496 1617 1560 Q.
1645 1496 1796 1548 Flauianus
1820 1497 1877 1563 (vel

659 1583 770 1637 Fluvios
791 1580 836 1633 sel
861 1582 981 1648 Fabius).
1016 1581 1057 1632 dd
1084 1579 1238 1632 Eudorium
1265 1581 1348 1632 illum
1372 1581 1397 1633 si
1421 1584 1593 1649 spectemus,
1617 1577 1744 1649 intelligi
1766 1581 1878 1633 videtur

660 1671 691 1737 Q.
710 1669 834 1722 Aurelius
848 1667 1020 1735 Symmachus
1038 1667 1135 1718 consul
1153 1666 1219 1719 anni
1238 1665 1437 1731 ccccxnvl„
1457 1666 1506 1718 sed
1524 1682 1559 1717 ne
1576 1662 1643 1717 huie
1658 1665 1771 1732 quidem
1792 1668 1878 1718 Mern-

658 1756 718 1821 mie,
735 1754 807 1821 quod
827 1752 924 1819 sciam,
942 1752 999 1804 fuit
1015 1769 1129 1804 nomen:
1149 1754 1180 1818 Q.
1203 1754 1327 1806 Aurelius
1344 1754 1483 1805 Memmios
1503 1750 1675 1817 Symmachus
1694 1755 1812 1804 vocetur
1833 1767 1879 1803 su-

657 1842 703 1892 lus
726 1839 778 1891 ille
801 1835 898 1905 quiin
919 1836 1042 1891 Fabricii
1065 1836 1204 1890 Bibliotb.
1229 1837 1292 1891 Ῑιιι.
1318 1840 1374 1890 ιιι.
1396 1838 1448 1891 lll.
1471 1855 1498 1904 p.
1515 1840 1575 1888 205.
1596 1838 1654 1901 (ed.
1673 1837 1751 1902 Ειι.)
1774 1836 1879 1888 dicitur

657 1924 749 1978 inisse
767 1922 866 1974 consui
883 1937 955 1974 enno
971 1921 1192 1992 CCCCLXXXY.
1216 1941 1243 1990 p.
1261 1922 1314 1976 ch.
1332 1940 1360 1974 ιι.
1380 1929 1409 1976 ιι
1426 1929 1507 1991 paler
1524 1922 1720 1986 Rusticianus,
1739 1923 1878 1974 secundus

657 2008 773 2064 Boethii
794 2007 903 2070 uxoris,
928 2008 963 2059 ed
981 2023 1063 2075 quem
1082 2009 1148 2060 dete
1166 2011 1209 2061 ιιι
1226 2008 1346 2077 epistola
1365 2011 1407 2059 31.
1424 2007 1527 2060 Alcimi
1548 2008 1625 2061 Aviti
1646 2015 1675 2063 et
1689 2007 1810 2059 Ennodii
1827 2007 1878 2059 lib.

658 2096 717 2150 vll.
736 2113 779 2162 ep.
794 2099 838 2146 25.
872 2091 1008 2160 Quisquis
1028 2098 1122 2146 nutem
1145 2093 1199 2146 init
1221 2094 1272 2146 ille
1290 2093 1491 2161 Symmachus,
1507 2111 1562 2148 non
1584 2093 1764 2163 cogitandum
1780 2098 1825 2146 est
1844 2093 1878 2143 de

658 2182 836 2246 recensione,
855 2195 938 2248 quam
956 2194 1005 2230 nus
1023 2178 1157 2243 dicimus,
1176 2178 1271 2245 operis
1290 2179 1477 2247 Macrobieni,
1501 2181 1550 2232 sed
1570 2179 1697 2233 constitit
1714 2179 1776 2232 eius
1793 2193 1879 2246 spera

657 2269 688 2324 in
706 2265 883 2336 corrigendis
900 2263 1079 2317 librariorum
1099 2264 1215 2317 mendis.

726 2353 824 2421 Neque
848 2350 1021 2416 descriptum
1043 2354 1150 2402 tuntum
1172 2356 1214 2402 ιιι
1236 2351 1336 2419 primis
1357 2352 1417 2405 illis
1440 2350 1615 2421 temporibus
1636 2351 1691 2404 boc
1713 2369 1799 2420 opus,
1828 2351 1883 2405 sed¹

659 2440 745 2495 etiem
768 2442 938 2505 excerptum.
972 2436 1091 2488 Praeter
1110 2451 1143 2488 ea
1166 2444 1298 2504 excerpta
1320 2452 1392 2505 quae
1414 2437 1631 2490 memoravimus
1650 2455 1735 2505 supra
1754 2454 1816 2505 cap.
1841 2437 1878 2488 11.

658 2525 854 2580 memorandae
883 2527 948 2573 sunl
976 2522 1218 2574 Extractiones
1245 2524 1283 2574 de
1313 2525 1397 2576 libro
1425 2524 1586 2576 Macrobii
1604 2525 1642 2575 'in
1669 2525 1879 2594 expositione

659 2610 802 2679 sompnii
822 2606 999 2673 Scipionis,
1029 2620 1099 2670 quse
1118 2607 1250 2673 leguntur
1268 2607 1296 2659 in
1318 2608 1414 2661 codice
1431 2608 1637 2676 Bombergeusi
1653 2611 1693 2662 M.
1710 2611 1755 2675 IV,
1774 2614 1800 2662 4.
1822 2612 1879 2677 (ιιι.

658 2697 752 2751 laesis.
771 2694 858 2760 fild),
887 2690 1298 2758 edlib.1.csp.3.aliosque
1317 2691 1393 2746 locos
1413 2693 1599 2758 pertinentes,
1629 2695 1794 2761 quibuscum
1814 2712 1881 2747 con-

660 2798 762 2852 gruere
783 2779 915 2831 ridentur
937 2791 970 2829 ee
991 2793 1062 2843 quae
1084 2777 1219 2845 legantur
1237 2777 1266 2830 iu
1289 2779 1385 2832 codice
1403 2778 1610 2832 vindobonensi
1628 2786 1708 2848 3150,
1725 2780 1756 2833 11.
1778 2782 1799 2832 ι’.
1820 2785 1878 2833 117.

660 2873 717 2935 (sp.
741 2864 870 2926 lladlielr.
890 2860 1109 2928 GGCleilli.)=
1137 2863 1220 2916 multi
1244 2851 1363 2932 denique
1383 2881 1498 2933 opernm
1522 2867 1676 2919 collocasse
1700 2866 1831 2919 sidentur
1850 2866 1880 2918 in

660 2971 693 3007 en
709 2950 928 3020 interpretando,
944 2948 1024 3001 cuius
1043 2949 1084 3002 rei
1098 2949 1221 3019 vestigia
1239 2949 1377 3017 qusedsm
1394 2955 1506 3005 ιιιιιιιι
1520 2952 1548 3004 iu
1567 2952 1712 3006 codicibus
1730 2955 1774 3005 Rs
1784 2955 1825 3006 Es
1835 2955 1880 3006 lli

660 3040 736 3094 aliis.
790 3052 795 3060 '

726 3121 937 3178 Posterioribus
952 3126 1045 3173 autem
1063 3123 1167 3175 seculis
1184 3121 1280 3190 quanti
1298 3119 1440 3175 neslimsti
1454 3124 1511 3177 sint
1527 3124 1558 3176 lri
1576 3124 1788 3187 commentarii,
1807 3126 1881 3177 unde

659 3211 823 3283 apperuerit
841 3208 946 3263 clarius
962 3225 1044 3276 quam
1063 3209 1134 3276 quod
1157 3226 1219 3260 oum
1237 3204 1383 3259 ciceronis
1402 3206 1516 3262 Somnio
1534 3209 1676 3277 Scipionis
1692 3210 1722 3263 in
1741 3211 1881 3264 Graccum

660 3315 816 3352 termonem
839 3296 966 3364 integros
989 3313 1037 3348 eos
1062 3294 1148 3347 vertit
1167 3298 1267 3361 quarto
1291 3293 1400 3345 decimo
1424 3312 1451 3361 p.
1472 3295 1524 3347 Clr.
1546 3314 1572 3347 ιι.
1598 3297 1694 3348 seculo
1714 3298 1880 3349 ltinximns

660 3381 857 3437 Planudes'i
892 3383 971 3434 Haec
992 3381 1085 3435 versio
1102 3381 1227 3445 Graeca,
1253 3395 1325 3448 quse
1349 3379 1514 3432 inscribitur
1537 3380 1703 3450 Μακροβίοιι
1721 3376 1881 3451 Ἀμβροσίιι

660 3465 782 3537 ἐξήγησις
798 3468 836 3530 εἰς
851 3465 901 3521 τὸν
918 3467 1079 3535 Σκηπίωνος
1094 3460 1215 3534 ὄνειρον,
1234 3467 1326 3518 adbuc
1343 3466 1450 3518 inedito
1467 3471 1518 3517 est.
1552 3466 1738 3519 Fabricius
1756 3469 1785 3521 in
1803 3469 1880 3522 Bibl.

660 3555 723 3606 bat.
743 3560 810 3605 tom.
830 3553 881 3605 ill.
901 3570 928 3620 p.
950 3557 1009 3603 iel.
1025 3554 1081 3618 (ed.
1103 3554 1181 3618 lira.)
1203 3553 1291 3605 relert
1313 3568 1374 3605 eam
1394 3550 1513 3618 reperiri
1532 3552 1559 3603 in
1579 3551 1777 3606 Bibliothecae
1801 3555 1881 3620 regis

661 3639 807 3692 Gallorum
831 3637 927 3688 codice
951 3624 1150 3690 llilblllllllll.
1175 3644 1248 3691 teste
1272 3636 1382 3690 bebbeo
1404 3637 1481 3689 Bibl.
1504 3654 1566 3690 nov.
1588 3637 1659 3689 illes.
1683 3654 1747 3707 pag.
1770 3644 1831 3692 280.
1852 3644 1882 3692 ιι

659 3720 811 3775 memorari
830 3722 914 3772 etiem
933 3721 962 3772 iu
980 3722 1119 3789 catalogo
1137 3724 1207 3775 Μιι.
1230 3723 1402 3775 Graecorum
1419 3722 1695 3794 Seguierii'psslz,
1724 3725 1753 3776 in
1770 3727 1882 3778 Monte·

659 3806 776 3862 falconii
795 3806 871 3859 Bibl.
892 3805 1008 3860 coislin.
1031 3825 1057 3874 p.
1080 3812 1156 3871 520„
1186 3823 1275 3874 eaque
1298 3825 1377 3860 usum
1395 3810 1527 3861 lscobum
1545 3808 1690 3860 Cuiscium
1710 3814 1738 3861 et
1756 3811 1785 3862 in
1803 3810 1882 3863 Tire-

661 3909 745 3946 seuro
769 3892 939 3944 Graecarum
964 3910 1061 3945 vocum
1084 3892 1159 3944 Gaii.
1183 3893 1355 3945 Morrllium.
1397 3893 1539 3947 Nonnulla
1562 3911 1596 3945 cx
1620 3910 1654 3945 en
1678 3900 1790 3948 enotnls
1815 3897 1881 3948 abr.

661 3976 797 4031 (ironoeii
818 3993 900 4029 manu
921 3979 1054 4045 leguntur
1073 3976 1102 4029 in
1125 3978 1281 4045 exemplari
1303 3979 1435 4031 editionis
1458 3980 1655 4031 Gronosiense
1677 3981 1751 4045 qnod
1779 3987 1823 4033 est
1851 3982 1880 4033 in

660 4064 835 4117 bibliotheca
849 4062 991 4116 beidensi.
1027 4062 1265 4116 christianum
1283 4064 1374 4117 Frid.
1393 4065 1560 4118 Matthaei
1585 4064 1613 4116 io
1637 4064 1787 4119 anecdotis
1810 4083 1882 4135 quse

661 4154 715 4203 'non
734 4150 770 4203 sd
784 4149 867 4201 linem
886 4155 980 4201 essent
998 4150 1132 4217 perducta
1150 4164 1212 4202 cem
1231 4150 1315 4202 edere
1337 4151 1462 4203 voluisse
1489 4156 1517 4203 et
1540 4156 1671 4217 quattuor
1694 4153 1800 4218 primes
1818 4154 1882 4220 pla-

661 4237 746 4305 galns
767 4241 839 4289 teste
864 4236 898 4288 G.
921 4236 958 4287 ll.
978 4236 1165 4287 Schneiero
1190 4235 1226 4287 nd
1249 4234 1419 4302 Gregorium
1443 4234 1570 4288 Corinth.
1590 4253 1619 4303 p.
1636 4240 1696 4289 876.
1719 4238 1828 4291 serrari
1851 4239 1880 4291 in

661 4322 835 4376 bibliotheca
852 4321 994 4388 Lipsiensi
1019 4322 1143 4388 comperi
1166 4337 1199 4372 ex
1219 4319 1251 4373 F.
1267 4320 1299 4371 Α.
1322 4320 1419 4372 liberti
1441 4320 1543 4373 [rerico
1564 4321 1794 4391 bibliograpbicu
1814 4329 1880 4377 torn.

661 4408 698 4459 ll.
716 4424 743 4474 p.
762 4410 805 4458 al.
841 4406 975 4471 Quaestio
999 4420 1016 4457 ι
1036 4421 1080 4457 me
1102 4423 1153 4471 per
1173 4405 1332 4471 complures
1354 4406 1484 4459 institute
1504 4424 1558 4459 non
1580 4408 1761 4475 pervenitad
1782 4409 1882 4461 Gerr·

662 4491 813 4544 doriium
834 4490 863 4541 V.
882 4488 925 4541 Cl.
942 4488 1134 4544 bibliothecae
1149 4489 1307 4557 Lipsiensis
1325 4492 1506 4558 praelectum.
1543 4494 1587 4545 lta
1606 4493 1709 4557 evenit,
1728 4500 1760 4545 ιιι
1778 4509 1882 4563 magne

605 4607 612 4621 ι
661 4593 727 4645 pers
745 4574 1016 4627 commentariorum
1033 4576 1089 4628 iam
1108 4582 1183 4627 esset
1202 4575 1277 4644 lypis
1303 4576 1459 4643 descripta,
1487 4595 1552 4630 cum
1574 4578 1781 4643 interocdente,
1810 4595 1883 4645 quae

662 4664 706 4712 ιιι
724 4659 785 4711 eins
800 4659 829 4711 in
848 4677 891 4711 me
909 4660 1080 4727 humanitas,
1099 4661 1296 4715 Godniredo
1309 4663 1504 4715 Hermanno
1520 4664 1551 4715 V.
1567 4662 1609 4715 01.
1631 4663 1682 4715 ille
1699 4665 1733 4715 nd
1753 4680 1799 4714 me
1817 4663 1883 4716 mit·

661 4749 735 4797 ιιιιι
757 4760 866 4797 summa
891 4763 952 4798 cum
977 4747 1155 4800 liberalitete
1174 4745 1249 4813 ipses
1274 4748 1342 4801 illas
1367 4750 1507 4817 plagulas.
1542 4749 1691 4801 Continent
1714 4754 1809 4800 nutem
1834 4764 1883 4800 cae

661 4828 730 4880 libri
747 4829 769 4880 1.
790 4834 874 4896 caput
891 4830 959 4883 XVl.
979 4838 1006 4884 ιι
1025 4848 1096 4898 quse
1113 4836 1267 4898 sequuntur
1284 4851 1374 4901 usque
1399 4836 1434 4888 ed
1459 4835 1561 4902 cupitis
1583 4835 1657 4888 xxl.
1685 4835 1758 4899 §ln
1781 4834 1882 4885 verbs:

662 4908 701 4973 ὥς
718 4904 753 4965 ἂν
772 4906 868 4974 αὐτοῖς
885 4912 927 4982 εἴη
943 4914 1013 4982 δῆλοι
1032 4910 1067 4967 roi
1086 4914 1143 4967 τῶν
1162 4912 1254 4968 τόπων
1276 4913 1414 4987 ὀνόματα,
1441 4918 1470 4973 ἐν
1488 4916 1530 4981 οἷς
1546 4916 1663 4982 τούτοις
1679 4910 1697 4986 ἢ
1716 4917 1849 4986 στηρίζειν
1865 4910 1883 4985 ἢ

663 4991 711 5063 ἀφ’
730 4986 770 5048 ὧν
785 5013 898 5066 προ...,
917 5017 979 5052 cum
998 5001 1052 5054 bac
1070 5001 1267 5070 inscriptions:
1292 5004 1513 5069 „Commentarii
1531 5004 1701 5059 Macrobii
1720 5005 1750 5057 in
1768 5004 1884 5057 Cicero·

663 5080 707 5133 nis
722 5080 866 5134 Somnium
886 5083 1027 5152 Scipionis
1047 5104 1080 5138 ex
1099 5087 1228 5139 versione
1246 5089 1385 5141 Maximi
1405 5091 1575 5143 Plsnndis
1597 5092 1758 5159 fragmenta
1779 5107 1813 5142 er
1837 5106 1884 5142 eo-

663 5166 726 5219 dice
746 5167 909 5236 Augustann
935 5171 1086 5225 secundani
1105 5172 1252 5226 Reiserum
1272 5192 1298 5241 p.
1322 5180 1363 5225 76.
1387 5193 1415 5226 ιι.
1435 5180 1460 5227 9.
1493 5175 1611 5240 Maximi
1627 5176 1765 5228 Plenudis
1789 5174 1883 5242 rprsio

663 5253 692 5305 in
707 5253 763 5308 buc
781 5255 876 5309 codice
895 5257 996 5327 incipit
1012 5260 1047 5312 nb
1065 5261 1113 5313 bis
1130 5260 1237 5314 verbis:
1262 5254 1452 5323 διαζῶννυιαι.
1474 5255 1604 5314 ἐντεῦθεν
1620 5251 1692 5312 δ’ἐπι
1709 5257 1745 5311 τὰ
1762 5255 1884 5326 ἑπόμενα

643 5339 826 5409 μεταβῶμεν,
846 5350 1005 5411 quaesunt
1021 5347 1122 5404 ultima
1142 5348 1228 5403 verbs
1248 5345 1351 5419 capitis
1369 5346 1445 5399 lil‘.“
1481 5346 1562 5402 ilaec
1578 5359 1643 5398 cnm
1657 5344 1883 5412 descripsissem,
