5092 6425
773 907 911 975 coum.
933 906 978 975 ru
1000 904 1127 974 sonu.
1149 904 1249 972 scre.
1292 905 1368 1009 un.
1389 906 1427 970 u.
1472 905 1562 973 cae.
1584 909 1638 974 ur.
1733 912 1792 977 us

619 1080 772 1147 Camenas
794 1077 882 1162 quasi
905 1097 1037 1140 canenas
1057 1096 1074 1140 a
1093 1076 1231 1141 canendo
1252 1074 1407 1140 dixerunt
1449 1075 1523 1141 Ideo
1543 1098 1652 1143 canore
1673 1079 1792 1145 caelum

617 1167 710 1230 etiam
734 1163 871 1247 theologi
891 1161 1116 1247 conprobantes
1138 1183 1231 1226 sonos
1251 1161 1385 1227 musicos
1403 1162 1558 1227 sacrificiis
1575 1163 1793 1244 adhibuerunt,

617 1252 672 1336 qui
693 1250 774 1334 apud
798 1250 873 1313 alios
898 1248 961 1332 lyra
984 1248 1030 1311 vel
1053 1247 1178 1322 cithara,
1201 1247 1283 1332 apud
1302 1247 1468 1311 nonnullos
1491 1248 1575 1313 tibiis
1598 1249 1704 1315 aliisve
1726 1272 1793 1315 mu-

617 1337 687 1401 sicis
714 1333 944 1410 instrumentis,
972 1332 1037 1396 fieri
1067 1333 1215 1397 solehant.
1258 1335 1294 1396 ln
1323 1332 1398 1416 ipsis
1421 1353 1547 1432 quoque
1570 1333 1690 1420 hymnis
1720 1335 1821 1403 deo-5

616 1443 685 1486 rum
710 1442 765 1505 per
789 1418 945 1503 stropham
975 1424 1007 1482 et
1029 1419 1253 1503 antistropham
1286 1425 1382 1481 metra
1404 1439 1523 1483 canons
1545 1421 1684 1487 versibus
1706 1421 1792 1486 adhi-

618 1507 780 1580 bebantur,
802 1513 837 1569 ut
858 1524 913 1589 per
935 1503 1093 1588 stropham
1117 1513 1218 1569 rectus
1240 1503 1324 1569 orbis
1344 1503 1483 1567 stelliferi
1504 1513 1616 1582 motus,
1637 1527 1692 1591 per
1713 1508 1792 1572 anti-

617 1592 775 1675 stropham
804 1591 944 1654 diversus
974 1610 1119 1673 vagarum
1147 1610 1306 1673 regressus
1332 1588 1574 1673 praedicaretur:
1613 1612 1652 1656 ex
1679 1592 1792 1676 quihus

617 1676 737 1742 duobus
761 1676 897 1740 motibus
922 1674 1039 1758 primus
1062 1675 1093 1738 in
1115 1683 1224 1740 natura
1257 1675 1390 1760 hymnus
1412 1672 1560 1739 dicandus
1580 1675 1638 1740 deo
1660 1679 1793 1762 sumpsit

616 1762 789 1827 exordium.
844 1762 993 1829 Mortuos⁴
1018 1780 1146 1845 queque.
1179 1760 1219 1835 ad
1250 1759 1440 1845 sepulturam
1472 1761 1618 1846 prosequi
1648 1764 1822 1846 oportereti

616 1869 687 1912 cum
706 1854 799 1911 cantu
819 1846 1022 1929 plurimarum
1043 1846 1181 1929 gentium
1206 1846 1253 1910 vel
1278 1845 1437 1929 regionum
1460 1844 1600 1911 instituta
1624 1857 1793 1913 sanxerunt

601 1933 817 2018 persuasione
841 1931 912 2006 hac,
945 1951 1006 2015 qua
1028 1938 1098 2014 post
1118 1952 1228 2016 eorpus
1249 1931 1370 1996 animae
1392 1929 1430 1994 ad
1449 1930 1600 2014 originem
1621 1931 1792 1998 dulcedinis

617 2019 768 2095 musicae,
804 2016 834 2079 id
854 2015 957 2080 estad
981 2016 1113 2093 caelum,
1147 2017 1248 2080 redire
1268 2017 1441 2081 credantur.
1484 2016 1563 2081 Nam
1590 2016 1660 2081 ideo
1680 2019 1713 2081 in
1735 2018 1820 2083 hac'l
1856 2082 1862 2101 ,

617 2105 679 2168 vita
703 2103 803 2167 omnis
824 2103 926 2165 anima
949 2101 1073 2165 musicis
1097 2103 1180 2166 sonis
1201 2102 1329 2186 eapitur,
1351 2108 1387 2164 ut
1409 2121 1470 2163 non
1491 2100 1548 2164 soli
1571 2102 1717 2185 quisunt
1738 2103 1790 2167 ha-

617 2189 685 2252 bitu
712 2188 856 2252 cultiores
883 2208 990 2251 verum
1019 2187 1181 2252 universae
1200 2207 1325 2271 quoque
1352 2186 1499 2250 harharae
1521 2187 1660 2251 nationes
1681 2196 1790 2253 cantus

619 2274 732 2358 quihus
759 2273 804 2337 vel
833 2271 870 2336 ad
898 2271 1038 2335 ardorem
1066 2272 1189 2337 virtutis
1216 2276 1393 2336 animentur
1418 2271 1464 2335 vel
1492 2270 1529 2335 ad
1553 2271 1713 2336 mollitiem
1737 2295 1789 2338 vo·

619 2357 745 2442 luptatis
766 2357 959 2422 resolvantur
978 2364 1155 2434 exerceant,
1194 2357 1265 2442 quia
1288 2357 1319 2422 in
1346 2376 1458 2441 corpus
1484 2354 1583 2420 desert
1608 2358 1788 2423 memoriam

618 2444 753 2510 musicae
774 2443 861 2509 cuius
883 2442 1020 2508 incaelo
1044 2442 1103 2509 luit
1129 2442 1264 2522 conscia,
1304 2450 1336 2509 et
1357 2443 1399 2509 ita
1420 2440 1635 2508 delenimentis
1663 2443 1789 2509 canticis

1414 2614 1498 2676 [aad.
1517 2613 1719 2682 vicahgspdzlr.

618 2716 670 2765 v-g
687 2699 758 2766 (chg
779 2699 805 2750 in
827 2716 881 2768 mg.
900 2701 936 2751 al.
956 2701 1092 2760 Hetrusca)
1111 2699 1316 2750 uPeuauaGr.
1335 2698 1466 2763 ,‚chart.“
1485 2698 1571 2750 Gron.
1611 2700 1691 2751 etiam
1706 2701 1791 2752 sciunt

617 2775 685 2828 (nm.
705 2770 823 2827 litrusci)
847 2770 903 2820 s-h.
943 2767 1024 2831 „Non
1048 2769 1143 2820 dubito
1162 2769 1228 2835 quin
1248 2767 1395 2832 scripserit
1419 2773 1531 2817 auctor:
1563 2768 1643 2818 etiam
1661 2769 1792 2820 Etrusci

617 2837 755 2887 scierunt.
792 2837 870 2902 Quod
895 2838 1014 2902 probare
1038 2837 1136 2888 multis
1160 2837 1232 2888 nihil
1256 2835 1373 2898 attinet,
1404 2852 1465 2886 cum
1486 2835 1622 2886 Etruscae
1641 2835 1717 2887 circa
1734 2836 1791 2888 ista

617 2919 698 2954 sacra
724 2904 891 2969 disciplinae
918 2904 945 2954 in
975 2910 1098 2955 veterum
1120 2904 1202 2955 lihris
1228 2920 1311 2969 quam
1338 2905 1458 2954 maxime
1483 2903 1542 2954 sint
1567 2899 1791 2968 τεθρυλλημὲναι.

616 2971 677 3022 Nisi
693 2972 764 3021 torte
784 2971 881 3021 malis:
901 2979 924 3022 et
940 2974 1038 3037 prisci
1055 2975 1212 3024 scierunt.“
1232 2972 1318 3022 Gron.
1333 3000 1367 3009 —
1385 2973 1458 3037 apud
1474 2970 1542 3021 alios
1559 2971 1717 3036 pdraulis
1731 2973 1791 3038 lyra

617 3039 648 3088 F.
676 3068 703 3076 --
737 3048 766 3090 et
787 3040 896 3104 cythara
916 3055 976 3104 v-g.
1129 3043 1152 3087 5.
1189 3055 1322 3105 vagarum
1343 3054 1486 3088 recursus
1505 3037 1536 3086 C.
1555 3065 1590 3074 -
1612 3039 1715 3103 primus
1733 3040 1791 3105 qui

616 3113 661 3158 eat
681 3108 830 3169 stellifer
849 3105 920 3154 Bau.
940 3133 971 3141 -
988 3105 1083 3170 ymnis
1103 3110 1240 3170 (supas)
1262 3106 1393 3155 dicandus
1409 3104 1441 3153 F.
1476 3107 1572 3168 ymnis
1590 3109 1666 3169 (sup.
1685 3109 1729 3165 us)
1748 3107 1792 3158 sli-

617 3175 720 3225 caudis
739 3179 814 3237 (sup.
832 3176 877 3231 us)
898 3171 926 3221 0.
952 3200 986 3209 -
1009 3173 1130 3224 deorum
1147 3175 1192 3224 sit
1211 3179 1286 3238 (sup.
1305 3173 1352 3222 deo
1370 3172 1494 3237 sumpsit)
1507 3170 1544 3222 F.
1580 3172 1702 3224 deorum
1719 3188 1792 3224 sum·

615 3242 671 3309 psit
690 3245 765 3303 [sup.
782 3242 823 3289 vel
841 3241 903 3299 deo)
927 3238 957 3290 G.
1110 3242 1135 3290 6.
1171 3242 1212 3291 vel
1233 3242 1283 3290 reli
1306 3240 1394 3289 ionum
1418 3255 1438 3305 g
1459 3238 1486 3289 in
1509 3255 1565 3305 mg.
1617 3239 1658 3287 vel
1679 3240 1791 3319 religio·

616 3324 718 3360 sorum
736 3307 756 3356 C
775 3308 829 3367 (lit
850 3324 866 3357 a
884 3324 939 3358 sec.
958 3311 1019 3364 m).
1049 3336 1082 3344 -
1113 3324 1166 3374 qua
1187 3256 1419 3373 BCFng-gDO.
1454 3306 1519 3367 „lta
1561 3304 1652 3355 uidem
1679 3306 1791 3373 legibus

617 3374 778 3443 elegantiae
795 3373 963 3437 corrsulitur,
979 3374 1029 3424 sed
1048 3391 1109 3424 cum
1129 3381 1223 3425 noster
1238 3373 1319 3436 alibi,
1338 3379 1368 3423 ut
1387 3389 1410 3422 c.
1425 3375 1443 3421 2
1461 3372 1483 3439 [ᾗ
1497 3323 1558 3437 tal
1569 3370 1710 3439 particula
1728 3375 1792 3440 quia

617 3461 667 3512 pro
686 3444 768 3511 qued,
795 3448 856 3504 aut,
879 3443 952 3506 quod
971 3443 1050 3509 leges
1069 3440 1184 3509 linguae
1202 3442 1334 3505 suadent,
1356 3456 1406 3506 pro
1425 3438 1588 3490 accusativo
1606 3446 1635 3490 et
1652 3439 1791 3493 infinitivo

616 3517 727 3571 utatur,
753 3527 819 3561 vero
840 3509 934 3560 simile
954 3515 1008 3569 est,
1031 3507 1079 3558 hic
1098 3526 1207 3576 queque
1225 3510 1289 3578 quia
1306 3525 1323 3560 a
1343 3523 1425 3559 manu
1441 3505 1567 3559 auctoris
1586 3510 1679 3560 esse.“
1706 3508 1792 3559 Zeun.

618 3580 691 3647 quia
715 3578 751 3639 (C
774 3596 834 3644 sup.
858 3577 923 3637 lin.)
947 3575 1100 3628 s-hPthl.
1253 3581 1278 3628 7.
1313 3594 1367 3627 aon
1391 3575 1482 3627 solum
1508 3573 1722 3636 (Cascam.)
1744 3576 1790 3627 FP

617 3664 670 3713 v-g
690 3646 727 3707 (0
747 3646 774 3696 ln
794 3649 874 3703 ros.).
895 3673 926 3683 -
944 3646 1065 3698 nationes
1081 3644 1210 3696 barbarae
1227 3643 1259 3696 F.
1276 3674 1308 3683 —
1327 3644 1512 3696 revolvantur
1529 3649 1605 3709 (sup.
1625 3648 1688 3704 res.)
1707 3644 1739 3713 F,
1759 3673 1788 3683 -

618 3716 684 3783 quia
700 3716 809 3766 anima
826 3716 858 3764 ia
877 3731 969 3782 carpus
987 3714 1068 3765 srbD.
1105 3714 1168 3782 quia
1184 3714 1293 3765 anima
1310 3729 1403 3781 corpus
1421 3712 1452 3764 Ρ.
1474 3740 1502 3750 -
1522 3701 1644 3764 irr’caclo
1720 3713 1791 3781 quod

599 3900 601 3903 ·
656 3886 785 3935 Camenas
802 3919 825 3933 ..
845 3900 862 3932 a
880 3883 1008 3949 canendo]
1028 3880 1070 3933 Ct.
1090 3881 1177 3933 Varro
1229 3883 1336 3934 dantur.
1371 3879 1514 3934 Fortassis
1535 3880 1630 3948 itaque
1657 3889 1685 3933 et
1706 3882 1791 3935 Chri-

617 3952 649 4001 Ir.
671 3951 701 4001 L.
726 3952 789 4013 Vll,
820 3951 889 4016 §26
912 3968 969 4015 seq.
1008 3950 1109 4002 Festos
1131 3966 1176 4016 ap.
1229 3948 1384 4001 stianorum
1407 3966 1440 4001 eo
1464 3966 1534 4002 aevo
1551 3950 1623 4000 ritus
1642 3949 1689 4000 hic
1708 3967 1791 4017 aspe-

616 4019 694 4071 Paul.
712 4019 762 4078 Ill,
782 4021 856 4083 p.43
876 4018 972 4069 Muell.
1009 4018 1124 4069 Servius
1142 4017 1177 4069 ad
1228 4019 1303 4068 xcrit
1332 4018 1464 4069 Aurelius
1497 4016 1528 4082 [i.
1555 4034 1579 4067 e.
1607 4017 1791 4083 MacrohinsJ.

617 4089 694 4152 l'irg.
711 4086 771 4135 uel.
790 4087 841 4146 Ill,
866 4103 891 4135 v.
910 4090 952 4135 59.
1228 4085 1261 4135 D.
1283 4083 1475 4151 Hieronymus
1504 4084 1532 4134 ln
1560 4085 1660 4134 funere
1687 4084 1791 4136 Fabio-

653 4153 789 4216 sacrificiis
808 4152 993 4217 adhibuerunt]
1013 4151 1056 4202 Gt.
1073 4151 1178 4202 Censo-

618 4221 671 4272 rin.
692 4224 735 4279 12,
755 4223 796 4280 2.,
815 4220 945 4269 Martiam
966 4220 1019 4282 lX,
1039 4222 1051 4282 ᾗ
1069 4222 1129 4269 924.

653 4294 677 4338 5.
714 4288 782 4339 orbis
801 4288 922 4351 stelliferi
939 4295 1024 4338 ructus
1042 4287 1106 4353 ete]
1135 4284 1177 4338 (ll.

619 4357 669 4407 lih.
688 4356 711 4418 1,
732 4372 755 4403 c.
774 4358 815 4403 te.

654 4429 679 4474 o.
717 4423 835 4473 Mortuos
865 4436 966 4486 quoquc
996 4421 1032 4470 ad
1063 4420 1180 4487 sepultu-

618 4508 676 4543 ram
706 4491 829 4556 prosequi
856 4496 974 4553 oportere
1001 4505 1058 4538 cum
1088 4488 1178 4552 cantu]

620 4560 715 4622 ,ltine
733 4558 804 4623 apud
823 4555 1080 4620 Glossograplrurn:
1101 4548 1182 4619 ilpunc

620 4625 664 4679 ἐπὶ
685 4624 740 4675 τῶν
757 4623 873 4688 νεκρῶν,
895 4624 1022 4687 riacaiae,
1057 4627 1085 4672 et
1107 4621 1180 4685 apud

620 4695 763 4761 tigellium
784 4692 871 4756 [Gell.
891 4690 955 4752 xx,
980 4693 1011 4751 2,
1033 4690 1069 4755 a]
1092 4690 1182 4741 Sitici·

620 4779 666 4812 nes
688 4762 766 4822 dicti,
799 4760 868 4825 qnod
891 4760 963 4825 apud
981 4760 1056 4815 sitos,
1086 4758 1121 4807 id
1144 4762 1182 4807 cst

621 4829 677 4881 uita
686 4834 803 4893 functos,
814 4828 949 4878 canebant.
980 4826 1087 4890 Quales
1103 4830 1182 4874 eran-t

622 4904 651 4947 ct
669 4896 821 4961 practicae,
850 4894 903 4944 nisi
924 4894 995 4959 quod
1016 4890 1182 4944 lamentabi-

621 4966 678 5016 lior
692 4967 790 5015 harum
811 4962 897 5013 luerit
912 4964 1038 5029 clangor.
1073 4962 1183 5011 lllacro·

621 5034 686 5084 hins
713 5039 803 5082 autern
831 5031 885 5081 hoc
917 5030 980 5080 loco
1008 5029 1181 5095 quarundam

623 5100 749 5167 gentium
764 5098 906 5165 peculiare
920 5097 1078 5149 institutum
1095 5102 1181 5156 notat,

622 5168 723 5233 quihus
742 5166 894 5217 hilariores
912 5172 992 5216 erant
1010 5170 1038 5217 et
1057 5165 1182 5230 gauden-

624 5243 667 5287 tes
694 5235 836 5301 exequiae.
871 5234 907 5283 ut
932 5232 1023 5284 addit:
1050 5234 1101 5283 'liae
1121 5249 1181 5300 per·

624 5303 747 5356 suasione
774 5336 798 5352 ..
821 5300 858 5353 ad
885 5302 986 5353 caelum
1011 5302 1098 5353 redire
1126 5316 1181 5353 cre·

1228 4154 1288 4203 lac:
1309 4153 1445 4203 Sonabant
1457 4151 1556 4218 psalmi
1572 4159 1597 4201 ct
1612 4158 1710 4200 aurata
1724 4159 1790 4201 tem-

1227 4220 1332 4286 plerum
1350 4220 1460 4269 reboans
1478 4218 1507 4267 ia
1522 4218 1634 4268 sublime
1655 4220 1792 4283 quatiebat

1229 4286 1346 4346 aleluia,
1378 4284 1426 4335 ubi
1444 4285 1559 4335 adnotat
1580 4284 1791 4337 eruditissimus

1230 4352 1414 4404 scholiastes:
1438 4354 1588 4404 Cunctatus·
1600 4352 1700 4402 aleluia
1713 4355 1791 4419 quasi

1230 4421 1428 4489 gratulantium
1444 4421 1515 4486 qued
1532 4420 1660 4471 evolasset
1677 4422 1715 4470 ad
1733 4438 1792 4473 cec-

1231 4489 1316 4539 lum.“
1337 4488 1424 4540 Pons.
1446 4517 1481 4525 -
1506 4487 1546 4537 Dc
1564 4486 1728 4540 Christiana
1747 4489 1791 4539 di-

1231 4556 1353 4622 sciplina
1380 4554 1495 4605 minime
1526 4554 1708 4621 cogitandum
1725 4564 1791 4619 .est;

1230 4617 1269 4675 ht.
1288 4624 1316 4687 l,
1343 4627 1371 4686 1,
1397 4628 1422 4672 t.
1445 4639 1494 4688 quc
1514 4623 1606 4673 aalma
1622 4631 1793 4690 postccrpus

1231 4692 1344 4753 euadat,
1380 4690 1422 4740 cel
1439 4691 1510 4740 uncte
1528 4692 1564 4741 ad
1581 4693 1674 4757 carpas
1691 4694 1793 4755 veniat,

1232 4760 1290 4810 alia
1309 4756 1424 4809 similia.
1459 4758 1590 4809 Martiae.
1609 4758 1661 4823 lx,
1684 4758 1791 4823 §.aasz

1231 4829 1338 4945 irqsque
1354 4827 1456 4944 qpfcsras
1469 4827 1644 4959 pgqlnaetpiqs]
1659 4828 1791 4945 ἒοιΐὶαῦἴξ.

1284 4912 1456 4944 .uu..
1539 4912 1619 4945 canu
1699 4923 1717 4944 .·
1780 4920 1793 4936 ·

1232 4961 1327 5014 tiaml
1357 4997 1369 5025 ‚.
1382 4960 1395 5025 ξ
1410 4964 1462 5011 925
1474 4978 1525 5027 sq.‚
1542 4961 1688 5013 censorin.
1708 4965 1749 5023 12,
1765 4966 1792 5011 3.

1265 5031 1294 5081 ia
1315 5031 1513 5095 cerpus-dctert
1537 5031 1689 5081 memoriam
1710 5029 1793 5079 musi·

1232 5098 1289 5163 cae]
1315 5097 1415 5160 „Haec
1433 5113 1541 5162 qnoque
1563 5097 1677 5163 sapiunt
1696 5095 1794 5147 Plato·

1233 5165 1368 5227 nismum,
1404 5181 1454 5216 seu
1487 5164 1580 5230 potius
1611 5163 1794 5242 Pythagorae

1232 5233 1407 5299 opinionem,
1443 5232 1489 5297 qui
1509 5233 1651 5284 statuebat
1672 5246 1723 5293 την
1740 5244 1793 5292 μα-

1232 5302 1317 5368 θησιν
1346 5300 1421 5353 nihil
1451 5317 1513 5354 csse
1544 5299 1600 5351 nisi
1631 5291 1798 5359 caunense.

1614 5385 1664 5446 hh
