5092 6425
729 903 794 970 226
835 900 1006 971 lNOEllTl
1027 894 1236 967 Auctoms
1255 895 1463 966 EXCERPT.
1482 897 1742 966 Mutuum.
1763 899 1809 966 ll.

696 1073 804 1126 ttlrora.
841 1073 930 1124 llorae
947 1080 1036 1124 autera
1051 1077 1130 1140 parte
1147 1070 1241 1138 quinta
1259 1069 1374 1133 decima,
1396 1069 1444 1121 ltoc
1462 1077 1500 1122 eet
1517 1071 1596 1121 unior
1613 1087 1646 1122 ee
1669 1086 1763 1122 cocu
1781 1070 1910 1139 graditur

730 1174 839 1210 aecenru
860 1157 1056 1216 vetimento,
1087 1155 1167 1206 eolem
1190 1171 1239 1205 oea
1258 1155 1348 1206 ttatlia
1368 1155 1423 1207 tiae
1440 1170 1553 1206 mm
1573 1157 1650 1207 remit
1672 1156 1806 1206 miliaria
1825 1163 1909 1207 trane-

695 1251 832 1299 ocurrere
852 1241 985 1307 praedicti
1006 1248 1092 1291 terrae
1110 1239 1224 1290 ambitur
1246 1255 1293 1305 per
1309 1254 1392 1289 occur
1412 1240 1521 1292 clarebit
1544 1240 1682 1291 diuisione.
1744 1240 1909 1291 Diametrum

729 1335 816 1378 nutem
832 1334 918 1377 terrae
939 1325 1014 1375 iuxta
1036 1323 1129 1375 cuculi
1145 1323 1356 1392 geometricalem
1374 1325 1497 1392 regulam
1516 1325 1544 1375 in
1564 1324 1813 1376 tcttttttmmn
1839 1324 1909 1374 eemr'r

729 1411 833 1469 etaliie,
849 1427 895 1461 eeu
913 1409 940 1458 in
961 1408 1072 1459 Karon
1090 1408 1214 1458 milioriir
1233 1424 1292 1459 eum
1309 1424 1343 1458 ιι
1358 1409 1439 1459 tertie
1456 1409 1563 1460 decimie
1580 1409 1659 1459 uniue
1679 1408 1807 1459 miliarii
1824 1408 1910 1475 ealligi

727 1496 863 1562 probatur,
884 1493 1004 1561 quamvir
1022 1493 1172 1543 Macrobioe
1190 1492 1258 1542 itlem
1276 1491 1434 1544 diametrum
1455 1493 1559 1544 tem
1575 1494 1671 1545 rtadiie
1690 1493 1735 1544 uel
1756 1510 1816 1545 nore
1835 1493 1909 1544 multe

680 1592 712 1639 lt)
726 1580 789 1648 plue
805 1597 860 1631 erre
877 1582 1004 1642 fateatur.
1043 1576 1089 1627 Sol
1105 1577 1310 1643 unumquodque
1327 1577 1434 1644 rignum
1449 1578 1559 1645 peragit
1581 1594 1642 1629 ω
1660 1577 1762 1628 «liebus
1784 1584 1812 1630 et
1830 1594 1850 1627 x
1866 1577 1907 1626 lto·

726 1665 765 1717 rie
781 1671 806 1716 et
825 1664 951 1715 dimidia:
967 1662 1123 1713 tricesimam
1141 1668 1229 1713 autem
1246 1667 1349 1728 partem
1367 1661 1446 1712 uniue
1462 1662 1544 1730 rigni,
1562 1663 1590 1713 itl
1608 1669 1647 1713 eet
1664 1661 1807 1729 gradum,
1824 1669 1907 1713 tranr-

728 1750 810 1802 eurrit
829 1765 877 1817 per
895 1747 973 1810 dim,
994 1746 1063 1797 inter
1079 1746 1264 1798 revelationem
1277 1746 1442 1812 firmamenti
1459 1746 1492 1797 de
1506 1753 1604 1814 puncto
1621 1746 1658 1796 acl
1674 1753 1825 1813 pernetam,
1845 1747 1907 1813 quel

679 1847 708 1895 11
728 1842 789 1887 eunt
807 1847 900 1883 mm
917 1830 998 1882 torae
1015 1837 1041 1881 et
1059 1831 1139 1882 tertia
1156 1846 1222 1898 pare
1240 1831 1318 1881 uniue
1335 1831 1415 1882 ltorae
1432 1838 1457 1883 et
1474 1838 1609 1883 oetentum.
1653 1829 1686 1879 Si
1706 1846 1780 1899 ergo
1798 1830 1905 1882 uoluerit

727 1918 807 1981 eolre,
830 1925 938 1986 quotam
953 1921 1056 1982 partem
1074 1913 1153 1965 uniue
1169 1915 1244 1980 infra
1261 1914 1330 1966 ‹liem
1348 1921 1481 1979 tranent,
1502 1915 1593 1967 divitie
1610 1920 1696 1965 totum
1714 1915 1842 1982 epatium
1859 1914 1905 1966 liei

727 2003 756 2056 in
771 2009 873 2055 attenta
889 2000 902 2031 ⁴¹
919 2015 1006 2051 rerum
1024 2000 1051 2050 in
1070 2014 1154 2051 eaeor
1170 2005 1286 2064 attenta,
1305 1999 1398 2066 quitur
1413 2000 1508 2052 deinde
1526 2000 1596 2052 adole
1614 2000 1738 2052 trientem
1762 1999 1860 2060 norae,
1879 1998 1902 2048 il

679 2085 711 2133 12
728 2094 767 2141 ert
782 2103 822 2140 ιι
836 2091 952 2150 ostenta,
977 2091 1002 2137 et
1019 2091 1146 2136 encrercet
1162 2100 1264 2135 rumma
1282 2085 1310 2135 in
1325 2090 1426 2135 attenta
1447 2085 1602 2137 t-cccourr.
1640 2084 1714 2149 Quia
1731 2100 1806 2153 ergo
1825 2082 1863 2135 eal
1878 2083 1901 2132 ir

727 2179 803 2226 tanto
821 2170 908 2239 epotio
926 2187 1007 2222 unum
1024 2169 1141 2240 graelum
1156 2168 1301 2236 percurrit,
1334 2169 1372 2220 eie
1392 2169 1472 2221 etiam
1490 2170 1518 2220 in
1538 2168 1655 2236 eingulie
1674 2170 1809 2236 partitur
1830 2169 1901 2220 tuine

728 2258 819 2326 matii,
836 2256 865 2308 iel
883 2263 920 2308 eet
937 2255 1053 2318 ostentio,
1068 2253 1176 2321 peragit
1191 2253 1275 2320 ipeiue
1289 2253 1396 2322 padue
1408 2254 1532 2322 ringulae
1548 2253 1703 2305 milleeinar
1720 2253 1900 2322 eeaagerimae

645 2352 662 2383 ¹⁸
678 2340 710 2388 1³
724 2343 827 2411 primae
840 2347 940 2410 parter.
990 2338 1067 2404 infra
1087 2337 1202 2405 epatium
1219 2353 1285 2406 ergo
1301 2338 1381 2389 unirer
1398 2339 1451 2390 diei
1466 2338 1595 2406 percurrit
1611 2337 1651 2389 eoi
1668 2352 1801 2389 noceant
1816 2344 1898 2405 parter

725 2427 804 2479 uniue
820 2425 939 2494 graelum·
957 2439 998 2473 rx
1018 2438 1078 2475 vero
1094 2428 1185 2489 parter
1200 2429 1226 2475 et
1242 2438 1334 2488 unam,
1351 2439 1421 2491 quae
1437 2429 1585 2491 ruperunt,
1602 2423 1635 2474 tle
1651 2429 1708 2474 toto
1723 2422 1832 2491 groela
1847 2428 1898 2473 tra-

677 2510 798 2564 1tcotcr
820 2509 859 2560 eol
881 2508 956 2573 intra
975 2507 1094 2558 trientem
1116 2507 1196 2558 uniur
1216 2507 1298 2559 ltorae
1318 2514 1344 2560 et
1361 2514 1498 2559 attentum.
1546 2508 1638 2574 ltaque
1647 2507 1736 2574 finita
1756 2507 1804 2558 ‹lie
1825 2512 1897 2557 recto

725 2595 776 2647 ooli
793 2592 830 2644 ati
845 2591 1000 2645 currendum
1019 2590 1052 2642 tle
1065 2607 1119 2641 uno
1134 2589 1224 2658 gradu
1241 2591 1359 2654 centula,
1386 2592 1415 2644 iol
1432 2598 1470 2644 eet
1487 2591 1684 2660 eeptuageeima
1703 2592 1827 2642 eeeunda
1839 2605 1897 2658 pare

725 2677 809 2746 ipeiue
831 2676 949 2744 gradus,
985 2679 1011 2725 et
1032 2673 1099 2726 bine
1123 2680 1148 2725 et
1169 2675 1303 2726 eemuncia
1328 2676 1408 2727 nniur
1434 2677 1588 2728 milletimae
1616 2675 1897 2745 quadringenteeimae

724 2760 907 2830 rerageoimoe
921 2757 1025 2826 primae
1040 2757 1126 2823 partie
1142 2759 1221 2809 uniar
1237 2760 1350 2827 gradun.
1388 2761 1417 2812 ln
1434 2768 1509 2812 tanto
1525 2761 1623 2830 igitur,
1644 2760 1674 2810 id
1692 2768 1733 2812 eet
1751 2760 1783 2812 in
1799 2758 1897 2812 rutulo

724 2845 803 2898 unius
821 2843 926 2912 gratim
943 2848 968 2893 et
984 2841 1014 2892 in
1030 2840 1097 2893 litte
1114 2849 1139 2893 et
1156 2842 1185 2892 in
1202 2844 1335 2895 eemuncia
1355 2861 1438 2911 eupra
1460 2845 1648 2896 determinatae
1664 2845 1770 2910 partie,
1797 2844 1897 2914 gradun

675 2932 708 2980 15
718 2926 884 2997 firmamenti
897 2927 1015 2996 gratim
1031 2926 1085 2978 diei
1101 2933 1217 2994 ruperat.
1264 2928 1329 2979 Cum
1343 2945 1408 2998 ergo
1425 2930 1465 2982 eol
1478 2937 1594 2998 peragat
1610 2945 1692 2978 unum
1710 2930 1834 2997 gradum
1845 2930 1895 2996 fir-

696 3046 703 3067 t
725 3012 851 3065 mamerti
867 3011 895 3064 in
914 3027 966 3063 uno
984 3011 1042 3076 die,
1071 3018 1176 3079 excepto
1193 3011 1288 3065 triente
1304 3014 1384 3065 uniar
1404 3014 1484 3065 torae
1501 3021 1526 3067 et
1543 3020 1657 3075 attento,
1684 3020 1808 3078 constat,
1837 3014 1896 3081 quia

726 3112 810 3149 eccon
826 3096 932 3165 graelm
943 3096 1108 3164 firmamenti
1124 3098 1255 3164 percurrit
1280 3098 1353 3163 infra
1375 3114 1456 3149 ccccx
1478 3098 1534 3150 dice
1554 3105 1658 3165 excepto
1681 3099 1782 3150 totiena
1806 3099 1896 3152 triente

674 3188 707 3237 10
724 3182 803 3236 uniut
820 3181 901 3234 lrorae
917 3188 942 3235 et
958 3188 1067 3245 attento,
1088 3181 1158 3233 uncle
1175 3182 1340 3252 colliguntur
1357 3200 1373 3235 r
1392 3184 1448 3235 dier
1463 3191 1488 3237 et
1504 3199 1534 3235 rr
1550 3182 1639 3234 lrorae.
1675 3182 1759 3235 Redit
1775 3200 1842 3252 ergo
1859 3184 1896 3235 eol

722 3268 756 3320 de
774 3276 872 3336 puncto
896 3266 933 3320 atl
959 3275 1086 3336 punctum
1104 3283 1152 3335 per
1175 3283 1277 3320 ecccxr
1300 3268 1356 3320 cliee
1376 3276 1401 3322 et
1423 3270 1530 3338 inruper
1548 3284 1578 3319 rt
1596 3266 1676 3319 leorae
1696 3268 1731 3320 de
1750 3271 1850 3337 quitur
1870 3271 1895 3320 r'n

722 3359 818 3421 quarto
834 3368 905 3405 anno
924 3351 963 3404 tt·
981 3359 1069 3406 rentur
1086 3352 1178 3405 oritur.

753 3526 779 3574 0.
813 3529 891 3589 porte
913 3522 1008 3590 quinta
1029 3521 1140 3587 decima]
1169 3518 1278 3587 Scripsi
1362 3521 1391 3573 in
1407 3528 1509 3574 attenta
1525 3537 1611 3572 rerum
1628 3520 1657 3571 in
1671 3535 1759 3572 cecat
1778 3524 1893 3589 ostenta]

721 3606 737 3642 e
768 3590 939 3641 coniectura.
986 3588 1018 3641 Si
1048 3589 1121 3641 onim
1152 3589 1195 3640 ool
1223 3604 1279 3640 unte
1328 3588 1522 3641 Fortueeeein
1535 3596 1647 3652 ortenla,
1663 3588 1764 3641 leorae
1777 3610 1855 3645 mr
1867 3592 1893 3642 in

718 3658 790 3709 horn
807 3657 976 3710 transcurrit
993 3661 1078 3708 10500
1095 3658 1198 3718 eladio,
1211 3673 1279 3708 euno
1328 3673 1451 3710 atacem
1468 3664 1579 3710 oetenta.

719 3724 817 3791 quintu
840 3724 949 3777 decima
973 3725 1061 3776 horne
1083 3730 1163 3791 parto
1186 3730 1279 3777 tenne-
1363 3728 1405 3776 tu.
1439 3724 1630 3795 rerageeimat]
1654 3722 1716 3775 Non
1734 3726 1847 3793 legitur
1864 3727 1890 3777 in

719 3791 981 3843 carritetndiutot).
1009 3792 1279 3860 Eddepartemquin·
1327 3794 1389 3845 ntld.
1438 3793 1494 3845 Sed
1531 3791 1692 3844 trecenario
1729 3796 1892 3848 addendum

717 3867 774 3912 tam
793 3860 936 3920 decimam
955 3876 970 3909 a
988 3859 1073 3911 etiam
1091 3860 1181 3910 Hora·
1327 3868 1379 3913 eet.

751 3929 777 3977 9.
815 3926 974 3993 Macrobius]
993 3926 1097 3977 comm.
1117 3926 1139 3988 1,
1155 3930 1199 3988 20,
1216 3930 1259 3977 20.
1363 3932 1403 3980 13.
1438 3926 1569 3993 naccon]
1597 3926 1707 3996 Scripsi
1736 3947 1753 3982 ο
1775 3931 1890 3984 coniec-

752 3997 794 4045 10.
826 4011 874 4062 per
890 3996 968 4057 diem,
986 3995 1066 4062 inter]
1084 3995 1217 4048 Fortoeee
1236 3995 1278 4046 le·
1328 4000 1399 4049 turn.
1435 3996 1505 4048 uto.
1525 4011 1667 4048 uccccaxr.

717 4064 839 4131 gendum
859 4070 916 4114 eat:
937 4080 984 4133 per
1003 4066 1081 4129 client,
1098 4065 1116 4115 i.
1136 4079 1159 4115 e.
1193 4063 1277 4115 Esto:
1360 4063 1411 4130 xx]
1429 4064 1499 4115 Edd.
1518 4080 1593 4115 1111.

714 4148 764 4200 per
787 4133 863 4184 diem.
891 4134 970 4186 lnter.
1308 4167 1310 4172 .
1360 4132 1438 4199 puae]
1461 4132 1532 4182 Ett.
1551 4149 1649 4199 quom.

750 4200 888 4269 attentum]
913 4202 929 4253 i.
950 4218 973 4254 e.
992 4198 1170 4269 nonagesimo
1188 4199 1275 4251 horne
1360 4202 1402 4253 14.
1440 4200 1518 4265 licre]
1548 4199 1621 4266 Quill
1652 4199 1706 4251 hoc
1733 4201 1890 4271 significet,

715 4284 790 4335 porr.
825 4268 898 4333 ctt
919 4273 959 4322 11.
1325 4268 1434 4331 acacio,
1462 4266 1517 4320 nini
1536 4267 1655 4319 tortclt.
1675 4268 1694 4319 Ι.
1715 4267 1793 4322 idem
1814 4276 1889 4326 valet

751 4340 793 4388 11.
826 4338 911 4403 infra]
934 4337 1019 4389 otium
1042 4334 1069 4386 in
1093 4352 1171 4403 eeqq.
1194 4333 1275 4401 pooi—
1324 4336 1396 4404 quotl
1414 4337 1458 4388 leo
1480 4341 1509 4386 ot
1525 4335 1600 4388 intra
1618 4335 1692 4388 idem
1711 4341 1787 4403 quael
1808 4343 1887 4395 berre.

714 4407 761 4455 tur
775 4420 826 4470 pro
843 4405 940 4470 intra,
957 4420 1045 4470 quoru
1061 4403 1138 4455 nolui
1155 4409 1273 4455 mutare.
1359 4408 1400 4457 10.
1434 4404 1473 4456 lie
1489 4404 1587 4471 eertut]
1606 4404 1650 4456 (ll.
1666 4404 1726 4460 sat.
1745 4408 1774 4474 1,
1795 4412 1843 4477 14,
1860 4416 1886 4463 0.
