5092 6425
657 886 715 954 DII
736 885 842 952 DIFF.
860 883 914 950 ΕΤ
937 881 1025 951 SOC.
1042 880 1197 949 GRAECI
1218 880 1348 958 Lanu.
1365 878 1499 946 vuum.
1541 881 1611 946 XII.
1632 882 1717 949 XIII.
1758 884 1823 951 249

657 1070 736 1120 στου
756 1053 813 1119 καὶ
833 1052 1006 1137 μέλλοντος
1026 1051 1178 1136 ποίησον,
1204 1048 1417 1116 coniunctivus
1439 1047 1593 1199 ἀορίστου
1614 1051 1671 1116 καὶ
1689 1051 1822 1135 μέλλον-

655 1161 711 1216 τος
733 1136 791 1203 ἐὰν
811 1135 953 1223 eoadem:
990 1136 1143 1223 optativus
1167 1156 1240 1202 vero
1267 1144 1299 1200 et
1324 1134 1462 1201 infinitus
1511 1157 1564 1202 aec
1592 1137 1656 1202 sola
1681 1145 1821 1225 tempora

657 1225 819 1312 prolerunt
841 1233 994 1308 separata,
1030 1217 1202 1305 ποιήσαιμι
1221 1218 1278 1284 καὶ
1298 1217 1466 1304 ποιήσοιμι
1487 1228 1518 1285 et
1543 1222 1594 1287 ille
1613 1224 1748 1305 ποιῆσαι
1764 1225 1822 1289 καὶ

656 1307 813 1392 ποιήσειν.
859 1307 1036 1393 [Optativus
1057 1307 1245 1372 Graecorum
1266 1326 1322 1369 nec
1341 1306 1442 1369 minus
1460 1326 1552 1391 quam
1575 1307 1742 1392 perlectum
1764 1333 1822 1376 neo

656 1397 826 1484 perlectum
860 1401 982 1478 tempus
1015 1391 1158 1470 admisit]
1209 1389 1340 1475 Utrique
1378 1411 1451 1475 ergo
1485 1392 1610 1457 modum
1649 1394 1822 1481 integritate

655 1489 831 1565 temporum
855 1478 984 1543 liberum
1006 1476 1169 1542 contractis
1188 1483 1219 1540 et
1240 1473 1383 1540 coartatis
1402 1475 1469 1540 iure
1489 1490 1691 1562 praeponunt.
1733 1482 1850 1549 Dori-5

655 1567 756 1631 vativa
780 1564 885 1641 verba,
914 1563 944 1627 id
966 1571 1014 1628 cst
1036 1583 1071 1627 ea
1090 1582 1170 1647 quae
1188 1582 1227 1624 ex
1249 1560 1350 1626 verbis
1370 1560 1437 1625 aliis
1458 1560 1652 1642 derivantur,
1679 1587 1741 1630 non
1763 1567 1821 1632 nisi

656 1672 694 1715 ex
717 1649 879 1714 diffinitiva
902 1649 1051 1732 originem
1073 1647 1254 1722 sortiuntur,
1273 1653 1309 1710 ut
1330 1653 1377 1710 est
1393 1647 1466 1729 θρῶ
1488 1646 1655 1732 principale
1676 1659 1708 1714 et
1725 1673 1762 1716 ex
1785 1673 1822 1717 co

656 1735 859 1800 derivativum
885 1729 1012 1818 θραύω.
1055 1732 1105 1797 Sic
1133 1730 1212 1816 apud
1236 1731 1362 1795 Latinos
1389 1731 1565 1797 meditativa
1592 1741 1624 1798 et
1650 1734 1824 1803 inchoativa

656 1829 689 1886 et
709 1819 931 1904 frequentativa
953 1817 1045 1884 verba
1073 1824 1147 1882 sunt
1167 1837 1205 1881 ex
1224 1815 1385 1881 diffinitiva
1408 1817 1501 1882 modo
1527 1818 1689 1884 verborum
1713 1820 1825 1918 princi·

655 1905 772 1992 palium
795 1904 945 1968 derivata:
967 1902 1123 1988 speciatim
1145 1922 1218 1967 vero
1238 1900 1331 1967 verba
1352 1900 1432 1998 apud
1454 1900 1588 1967 Graecos
1611 1925 1691 1989 quae
1712 1928 1744 1970 m
1765 1908 1830 1970 MI

657 1996 775 2055 exeunt
798 2010 837 2054 ex
863 1988 1024 2053 diffinitive
1047 1995 1141 2053 tracta
1163 1994 1236 2051 sunt
1263 1984 1403 2053 verbim
1427 1989 1461 2050 tt
1484 1989 1639 2066 exeuntis,
1678 1997 1715 2055 ut
1740 1993 1825 2056 τιθῶ

656 2074 782 2156 τίθημι,
805 2072 885 2137 διδῶ
907 2073 1036 2155 δίδωμι,
1067 2072 1144 2137 [στῶ
1164 2071 1281 2154 irrupt.
1324 2072 1403 2135 Item
1426 2072 1551 2136 nomina
1572 2093 1611 2136 ex
1632 2074 1734 2139 verbis
1756 2079 1854 2144 nas-b

657 2160 767 2236 centia,
807 2179 864 2223 uae
885 2157 928 2222 illi
948 2153 1092 2240 ὀνόματα
1113 2150 1274 2242 ῥηματικὰ
1292 2162 1412 2233 vocant,
1430 2155 1468 2220 de
1488 2156 1547 2221 hoc
1566 2157 1632 2223 solo
1654 2159 1745 2224 modo
1766 2161 1824 2226 sub

658 2244 742 2311 varia
760 2181 807 2310 vd
828 2264 1029 2329 personarum
1050 2242 1097 2309 vel
1115 2250 1290 2326 temporum
1310 2240 1514 2306 declinatione
1531 2243 1710 2326 procedunt
1744 2245 1823 2312 Nam

658 2350 772 2394 nornen
794 2323 927 2411 γράμμα
947 2351 983 2394 ex
1006 2327 1104 2413 prima
1125 2347 1270 2412 persona,
1297 2325 1328 2390 id
1350 2333 1398 2390 est
1418 2322 1616 2411 γέγραμμαι,
1643 2337 1765 2408 natum,
1793 2339 1825 2396 et

658 2436 772 2480 nomen
794 2410 915 2497 ψάλτης
936 2436 974 2479 ex
998 2414 1088 2478 tertia
1111 2432 1258 2498 persona,
1290 2431 1369 2508 quae
1391 2420 1439 2476 est
1461 2408 1610 2493 ἔψαλται,
1643 2414 1824 2497 proiectum,

658 2501 818 2565 literarum
852 2520 931 2584 quae
958 2499 990 2563 in
1017 2505 1150 2583 utroque
1177 2503 1251 2562 sunt
1281 2496 1450 2561 similitudo
1478 2496 1581 2562 docet:
1616 2497 1690 2563 item
1717 2495 1825 2584 τύμμα

658 2580 723 2650 ἀπὸ
745 2579 986 2667 παρακειμένου
1004 2585 1063 2648 τοῦ
1084 2581 1253 2665 τέτυμμαι,
1291 2581 1420 2665 ποίησις
1442 2591 1543 2647 autem
1568 2577 1632 2648 eiad
1653 2580 1827 2667 μέλλοντος

656 2673 717 2735 τοῦ
738 2664 862 2753 ποιήσω
882 2670 1041 2756 conposita
1063 2676 1151 2734 sunt:
1189 2666 1294 2733 omnia
1315 2674 1419 2732 tamm
1440 2667 1516 2732 haee
1537 2668 1661 2735 nomina
1688 2672 1726 2736 ab
1747 2671 1826 2737 indi·

659 2757 760 2823 cativo
781 2756 919 2822 veniunt
960 2754 1104 2842 Denique
1126 2752 1220 2820 Stoici
1240 2751 1324 2819 hunc
1344 2753 1445 2819 solum
1467 2753 1594 2820 modum
1615 2763 1744 2835 rectum,
1764 2758 1854 2825 vel-'l

1572 2946 1657 3007 [aar.
1679 2947 1760 3015 pan».

661 3030 688 3079 4.
723 3028 773 3079 bie
789 3021 931 3093 ποιήσαιμι
952 3025 1023 3079 coni.
1047 3026 1149 3092 zeum,
1180 3028 1265 3094 „qnia
1285 3025 1414 3093 nequitur
1434 3026 1509 3077 ille.“
1528 3047 1624 3080 —aee
1665 3032 1716 3081 lua
1734 3048 1828 3098 quom

661 3099 807 3166 perfectum
831 3095 903 3145 coni.
926 3093 1011 3145 Zenu.
1046 3094 1106 3146 I'id.
1121 3098 1178 3145 not.
1330 3098 1356 3144 5.
1395 3094 1500 3145 Graeco
1523 3094 1554 3145 P.
1576 3122 1611 3134 -
1633 3048 1701 3148 dieat
1724 3114 1778 3150 orn.
1796 3099 1828 3150 P.

664 3263 778 3334 vulgari
817 3262 1015 3315 abhorrentem
1052 3259 1224 3329 simpliciter
1272 3261 1374 3325 aient,
1406 3260 1698 3331 neiutegreqnidem
1717 3282 1831 3319 eaesae

665 3331 895 3386 commemoravit
915 3330 1068 3381 Fischerua
1091 3329 1223 3382 Animad·
1273 3328 1359 3382 facile
1385 3334 1488 3396 patet),
1520 3338 1570 3383 aut
1594 3333 1702 3399 reliqua
1730 3351 1793 3386 ease
1814 3351 1832 3386 e

664 3420 738 3454 vere.
755 3402 789 3452 ad
809 3415 926 3465 gramm.
945 3398 1073 3459 Welleri,
1093 3415 1167 3465 epea.
1184 3398 1223 3459 II,
1273 3398 1481 3463 comparatione
1506 3398 1633 3452 Graecae
1662 3401 1833 3470 Latinaeque

665 3490 693 3538 p.
709 3472 769 3519 382.
805 3469 845 3517 Ila
867 3466 1040 3534 imperativis
1060 3466 1148 3518 lutari
1167 3465 1224 3517 vid.
1275 3465 1583 3533 linguaaalllacrobio
1602 3467 1748 3532 instituta,
1781 3470 1832 3522 aed

665 3538 731 3605 quid
771 3534 904 3587 statuerit
936 3534 971 3585 G.
1003 3534 1155 3585 Hermann.
1189 3532 1225 3584 de
1274 3535 1310 3585 ab
1330 3539 1493 3598 excerptore
1512 3535 1655 3603 neglecta,
1687 3553 1758 3603 quae
1776 3538 1833 3590 tale

666 3605 774 3657 emend.
793 3610 845 3655 rat.
863 3602 912 3654 Gr.
931 3619 973 3669 gr.
991 3601 1033 3665 II,
1057 3605 1103 3666 22,
1128 3617 1154 3669 p.
1171 3603 1225 3653 210
1275 3602 1341 3668 qnid
1365 3600 1550 3654 continuerit:
1581 3604 1674 3671 Apud
1695 3605 1832 3658 batiaca

666 3690 724 3739 aeq.
1277 3669 1520 3734 coniunctione,
1554 3673 1832 3737 ratiocinatione,

700 3743 726 3790 4.
763 3736 943 3789 coniunctione
955 3727 1088 3802 donintona
1104 3731 1150 3786 uel
1166 3732 1227 3801 μέλ-
1277 3738 1365 3789 οαιαίιι
1380 3737 1476 3803 recepit
1491 3746 1622 3806 tempora,
1638 3741 1685 3791 ecd
1701 3742 1835 3809 optativae

666 3806 770 3873 ιοατος]
794 3802 977 3856 Coniunctivn
995 3802 1084 3853 futuri
1103 3804 1227 3854 Graeco·
1276 3812 1302 3857 et
1328 3805 1487 3855 &cecorum
1511 3812 1541 3858 et
1567 3807 1763 3860 Latinorum
1785 3826 1833 3861 nee

668 3892 721 3926 non
740 3890 802 3925 ersa
820 3888 886 3923 uena
903 3877 979 3923 recta
1001 3870 1096 3922 docuit
1114 3870 1241 3937 ΑροΙΙο-Ι
1276 3872 1364 3924 minue
1394 3888 1451 3924 nee
1477 3872 1552 3940 plna
1579 3892 1660 3941 quam
1687 3879 1834 3943 perfectum

612 3957 614 3963 ·
669 3943 732 3994 nina
757 3941 806 3992 lib.
831 3939 884 3991 111.
906 3940 940 3990 de
964 3937 1077 4007 syntaxi
1099 3954 1159 4005 cap.
1182 3942 1227 4001 30,
1276 3941 1393 3991 admisit.
1429 3938 1471 3990 CI.
1490 3940 1525 3991 de
1543 3943 1627 3993 verbo
1644 3960 1667 3993 e.
1686 3943 1786 4009 1‚§¹1.

668 4028 696 4077 p.
730 4012 790 4059 271.
840 4007 902 4058 Vid.
936 4006 970 4057 G.
1004 4006 1158 4057 Hermann.
1192 4006 1227 4057 de
1316 4006 1434 4073 Utrique]
1461 4005 1480 4057 i.
1503 4024 1527 4059 a.
1551 4016 1580 4059 et
1602 4010 1706 4061 Graeci
1728 4017 1757 4060 et
1780 4010 1835 4061 Ira-

669 4076 777 4129 enrend.
800 4080 852 4126 rat.
870 4074 919 4124 Gr.
938 4090 981 4140 gr.
1004 4090 1029 4139 p.
1048 4077 1108 4124 21³.
1277 4071 1339 4137 tini,
1358 4074 1426 4125 licet
1443 4073 1473 4125 nt
1492 4073 1521 4124 iu
1538 4077 1767 4129 antecedentibus
1781 4094 1836 4130 uon
1909 4136 1912 4143 ¹

704 4142 859 4209 [Optatiana
883 4141 1042 4192 Graecorum
1059 4171 1085 4190 ..
1103 4156 1150 4190 nec
1166 4154 1228 4205 per·
1277 4140 1335 4192 nint
1351 4140 1498 4192 nominati.

667 4216 768 4277 sectum
805 4217 906 4274 tempere
944 4206 1064 4271 admisit]
1105 4205 1230 4256 Zaunioe
1311 4208 1417 4259 aradum
1436 4207 1490 4259 inte
1512 4207 1592 4259 ritate
1608 4214 1751 4276 temporum
1771 4210 1835 4262 libe·

669 4283 747 4330 recte
769 4274 842 4326 vidit
868 4272 937 4325 ferri
967 4289 1019 4323 non
1049 4288 1132 4339 poene
1158 4273 1228 4323 lruec
1277 4274 1346 4341 rana]
1376 4273 1395 4325 i.
1413 4289 1437 4324 e.
1459 4224 1656 4340 indicaturam,
1690 4277 1838 4343 eontflt.

671 4345 769 4396 verba:
788 4359 852 4394 nam
871 4340 1013 4406 optativus
1027 4339 1144 4407 perlecti
1158 4346 1229 4391 tem·
1279 4341 1360 4408 Quae
1381 4342 1504 4393 Zennine
1529 4343 1563 4393 de
1586 4342 1641 4393 boc
1663 4342 1724 4395 loco
1746 4344 1838 4396 aluei-

670 4411 748 4481 poria
766 4414 998 4461 commemoratur
1021 4416 1049 4459 et
1071 4424 1157 4473 supra
1172 4408 1186 4473 ρ
1203 4410 1229 4457 3.
1279 4414 1434 4474 natusest,
1451 4415 1580 4475 repetere
1596 4409 1685 4461 nolui.

671 4485 700 4531 et
717 4496 740 4529 ο.
762 4482 810 4542 18,
832 4478 955 4541 §laea
977 4482 1005 4526 et
1023 4474 1051 4526 in
1069 4474 1230 4542 appendice.
1312 4482 1339 4529 e.
1374 4477 1530 4530 meditativa
1565 4486 1589 4530 et
1622 4479 1777 4531 inebootioo
1812 4486 1837 4533 et

672 4549 770 4611 Itaque
793 4544 877 4596 inanit
901 4542 960 4609 legi
980 4560 1027 4594 neo
1044 4543 1120 4610 plna
1138 4557 1231 4610 quam
1275 4546 1474 4613 frequentativo
1505 4546 1548 4597 Gi.
1567 4548 1650 4597 c.21.

669 4618 825 4683 perfectum.
877 4611 993 4662 Poterat
1026 4609 1111 4692 etiam
1147 4610 1231 4661 verba
1291 4619 1340 4696 ''l-
1373 4619 1468 4695 τιοιαρι
1505 4613 1547 4665 Gt.
1565 4614 1699 4681 Hermog.
1718 4610 1783 4734 περὶ
1799 4610 1838 4665 id.

671 4677 1232 4802 iiiiii⁰l¹ibdi¹55⁰tiiiiiii.
1280 4684 1458 4814 terti-tt
1476 4675 1840 4816 tttltt‘lt'ttttt·

670 4817 1022 4887 plusquamperfectum.
1058 4811 1113 4864 Sed
1136 4811 1232 4864 naeie
1283 4812 1500 4879 Κανδαύλης·
1518 4809 1616 4866 καὶτὰ
1632 4813 1748 4867 τοιαῦτα
1764 4809 1838 4868 οὕτω

672 4885 784 4950 quidem
809 4881 903 4933 omnia
927 4881 1011 4947 plana
1035 4886 1112 4943 nont,
1147 4896 1231 4945 quum
1281 4876 1378 4947 pineis
1401 4876 1840 4950 rodpevovvore'dpdderpeoraai

673 4954 745 5004 baec
773 4952 858 5004 verba
889 4964 977 5029 nequa
1006 4948 1233 4999 antecedentibus
1281 4899 1412 5015 wicardo
1428 4953 1503 5002 ποιεῖ
1520 4947 1570 5032 pir
1585 4945 1667 5018 λόγον
1676 4949 1730 5033 ,καὶ
1750 4948 1840 5029 σαρῆ·

674 5016 1168 5150 titt..:.⁰?⁰²tt¹'.t¹.⁸.ttt'tt‘lt.
1183 5013 1234 5133 ⁸2¹.
1283 5013 1375 5135 bi?-
1393 5019 1626 5149 adlata
1648 5029 1841 5143 stertat

674 5152 788 5206 inclusi.
821 5150 957 5202 Videntur
974 5150 1047 5202 enim
1065 5157 1112 5202 aut
1137 5149 1235 5201 addita
1282 5166 1348 5216 γοις.
1381 5168 1455 5219 ταρα
1478 5147 1485 5168 “
1506 5148 1558 5220 γάρ
1577 5168 1618 5211 τις
1640 5146 1728 5211 εὐθὺς
1790 5147 1841 5201 ive·

676 5236 739 5272 eaeo
756 5220 792 5270 ab
809 5233 843 5269 eo
866 5219 915 5283 qui
932 5218 1163 5285 interpretaretur
1186 5232 1235 5268 an·
1283 5232 1331 5267 ται
1350 5213 1397 5270 διὰ
1416 5170 1533 5274 vildedu
1557 5214 1667 5280 πάντας
1693 5214 1842 5271 ἐπακολου-

677 5284 835 5341 teccdentIa
851 5284 916 5339 liaeo
937 5286 996 5339 cole
1011 5292 1128 5356 temporo
1147 5282 1235 5351 (quod
1284 5283 1376 5352 θῆσαι
1389 5302 1416 5339 τι
1432 5279 1527 5353 ἕτερον
1540 5280 1639 5353 νόημα.
1667 5298 1669 5300 '
