5092 6425
837 884 975 954 COMM.
996 882 1041 951 IN
1064 881 1191 949 SOMN.
1215 879 1314 948 SClP.
1356 883 1432 947 LIB.
1459 885 1483 948 l.
1525 885 1616 952 CAP.
1643 889 1666 952 l.
1796 890 1836 954 15

659 1056 747 1120 nium
777 1055 867 1119 Plato
895 1062 927 1119 et
956 1061 1080 1118 actuum
1115 1058 1265 1127 naturam
1292 1049 1416 1134 penitus
1450 1050 1615 1135 inspiciens
1642 1054 1774 1121 advertit
1803 1059 1836 1123 in

658 1141 745 1206 omni
773 1160 917 1204 sermone
933 1128 980 1202 ‘dc
1007 1138 1052 1202 rei
1083 1136 1224 1221 publicae
1256 1134 1450 1200 institutione
1482 1136 1641 1221 proposito
1674 1139 1836 1206 infunden-

660 1226 735 1291 dum
758 1224 868 1289 animis
895 1222 1030 1288 iustitiae
1058 1242 1211 1299 amorem,
1250 1221 1318 1284 sine
1340 1239 1402 1304 qua
1429 1241 1493 1285 non
1519 1222 1620 1286 solum
1642 1243 1692 1289 res
1714 1225 1835 1309 publica

660 1311 725 1375 sed
743 1331 799 1374 nec
823 1309 954 1393 exiguus
973 1307 1135 1372 bominum
1156 1312 1263 1383 coetus
1285 1325 1342 1369 nec
1362 1304 1472 1369 domus
1493 1306 1618 1391 quidem
1641 1328 1734 1392 parra
1763 1330 1835 1375 con-

661 1395 762 1460 stabit
820 1394 871 1459 Ad
888 1393 972 1458 hunc
992 1413 1086 1479 porro
1105 1391 1240 1456 iustitiae
1257 1391 1402 1455 affectum
1422 1390 1598 1474 pectoribus
1616 1392 1864 1462 inoculandum5

660 1480 737 1545 nibil
760 1499 857 1565 aeque
877 1477 1142 1564 patrocinaturum
1162 1475 1251 1553 vidit,
1282 1495 1375 1560 quam
1398 1475 1423 1539 si
1444 1475 1561 1541 fructus
1580 1477 1647 1542 eius
1667 1499 1730 1543 non
1747 1480 1831 1546 vide-

659 1573 745 1630 retur
770 1585 842 1630 cum
867 1565 930 1629 rita
956 1562 1091 1627 hominis
1116 1560 1286 1626 terminari.
1328 1559 1420 1624 Hunc
1445 1581 1520 1625 vero
1547 1564 1744 1647 superstitem
1772 1566 1828 1633 du·

660 1671 728 1715 rare
750 1657 822 1735 post
840 1648 999 1713 hominem
1021 1647 1081 1733 qui
1097 1653 1218 1732 poterat
1238 1644 1375 1721 ostendi,
1408 1643 1467 1709 nisi
1485 1644 1570 1730 prius
1589 1646 1627 1712 de
1646 1649 1767 1715 animae
1786 1651 1832 1715 in-

659 1735 846 1802 mortalitate
874 1733 1050 1798 constaret?
1092 1731 1170 1795 Fide
1188 1738 1292 1797 autem
1319 1728 1398 1793 iacta
1417 1730 1632 1814 perpetuitatis
1659 1733 1832 1801 animarum

657 1814 851 1905 consequens
875 1838 942 1883 esse
970 1814 1201 1894 animadvertit,
1242 1822 1279 1880 ut
1298 1821 1382 1878 cena
1410 1814 1470 1879 illis
1491 1815 1558 1880 loca
1584 1838 1668 1884 nexu
1695 1823 1831 1904 corporis

658 1904 808 1969 absolutis
835 1923 891 1988 pro
914 1901 1126 1986 contemplatu
1155 1898 1245 1985 probi
1267 1898 1428 1985 inprobire
1455 1900 1558 1965 meriti
1585 1901 1731 1986 deputata
1759 1905 1868 1994 sintpeq

659 1989 711 2054 Sic
731 1989 763 2052 in
780 1988 946 2053 Phaedone
968 1985 1254 2072 inexpugnabilium
1280 1985 1348 2049 luce
1368 1984 1524 2051 rationum
1543 1986 1645 2052 anima
1666 1988 1699 2053 in
1727 1993 1863 2061 vcramb

659 2075 838 2159 dignitatem
864 2072 1008 2159 propriae
1032 2070 1262 2136 inmortalitatis
1290 2069 1411 2134 adserta
1437 2070 1578 2155 sequitur
1605 2072 1761 2139 distinctio
1787 2077 1832 2141 lo·

659 2180 766 2224 corum
794 2179 874 2245 quae
901 2158 982 2222 banc
1008 2156 1102 2222 vitam
1130 2154 1376 2242 relinquentibus
1403 2175 1440 2219 ea
1466 2155 1532 2240 lege
1559 2156 1711 2223 debentur
1737 2181 1832 2245 quam

659 2244 718 2308 sibi
740 2243 871 2340 quisque
895 2241 1026 2309 virendo
1052 2240 1197 2324 sanxerit
1240 2239 1290 2305 Sic
1311 2239 1344 2303 in
1366 2237 1481 2324 Gorgia
1504 2248 1575 2326 post
1600 2250 1754 2327 peractam
1773 2266 1832 2330 pro

660 2327 776 2393 iustitra
806 2327 1044 2412 disputationem
1070 2325 1108 2392 de
1135 2324 1244 2391 babitu
1277 2332 1348 2410 post
1378 2344 1489 2410 corpus
1520 2325 1693 2392 animarum
1722 2331 1831 2395 morali

660 2412 810 2497 gravitate
831 2411 1003 2477 Socraticae
1025 2410 1194 2478 dulcedinis
1219 2429 1443 2475 ammonemur.
1500 2410 1587 2476 Idem
1608 2411 1703 2496 igitur
1727 2413 1861 2481 obser-'i

661 2503 770 2563 vantcr
790 2505 913 2563 secutus
942 2504 989 2562 est
1014 2495 1047 2560 in
1067 2496 1128 2562 illis
1153 2496 1317 2582 praecipue
1344 2493 1553 2562 voluminibus
1576 2497 1689 2582 quibus
1716 2506 1831 2564 statum

660 2583 704 2646 rei
725 2582 866 2668 publicae
891 2581 1086 2649 formandum
1111 2581 1243 2667 recepit:
1279 2601 1351 2648 nam
1373 2588 1537 2668 postquam
1558 2582 1763 2668 principatum
1784 2585 1830 2653 iu·

1458 2813 1542 2876 [uod.
1560 2812 1763 2884 vicabgrpdab.

660 2906 794 2952 comment.
815 2900 899 2951 Macr-
917 2900 1006 2951 Ambr.
1023 2899 1052 2950 in
1072 2897 1101 2948 8.
1120 2897 1150 2948 S·
1304 2900 1329 2949 4.
1362 2899 1473 2966 penitus
1485 2898 1626 2966 inspiciens
1640 2907 1766 2954 naturum
1781 2902 1832 2953 Rl.

658 2996 692 3005 —
711 2967 918 3019 animadvertit
938 2967 972 3018 H.
994 2993 1021 3004 -
1042 2981 1159 3018 sermone
1177 2981 1225 3017 suo
1239 2964 1363 3017 Rauda.
1377 2965 1407 3018 P.
1424 2992 1461 3008 -·
1476 2967 1640 3020 institutione
1652 2970 1833 3021 constituto

659 3032 712 3085 ML
732 3033 769 3100 (F
791 3050 853 3100 sup.
875 3034 939 3087 add.
960 3033 1120 3102 preposito).
1146 3059 1182 3070 -
1207 3047 1302 3084 amore
1327 3030 1383 3084 BF.
1409 3058 1445 3072 -
1470 3035 1516 3086 scd
1536 3051 1576 3087 nc
1595 3035 1638 3088 cai
1678 3053 1710 3088 ua
1736 3036 1831 3090 Pane.

658 3119 716 3154 nec
737 3102 852 3183 ceipene
875 3107 944 3162 [om.
963 3101 1023 3160 scd)
1048 3115 1075 3168 g.
1102 3127 1130 3137 —
1157 3115 1195 3152 nc
1217 3099 1309 3152 domna
1330 3099 1435 3166 quidem
1456 3098 1582 3153 naara.
1622 3139 1640 3168 ,‚
1658 3107 1687 3155 ta
1707 3103 1832 3172 legimus

659 3185 709 3237 pro
726 3184 807 3222 varra
825 3168 997 3237 scriptura.“
1017 3167 1079 3220 Jac.
1095 3166 1182 3220 Gran.
1200 3166 1236 3220 ud
1253 3165 1315 3219 biv.
1333 3170 1380 3232 27,
1404 3171 1452 3233 10,
1471 3171 1497 3220 9.
1536 3169 1593 3222 scd
1607 3186 1647 3223 ne
1663 3170 1756 3224 domur
1807 3173 1831 3225 i-

660 3238 766 3303 demg.
918 3240 944 3287 b.
979 3235 1097 3292 institiae
1110 3238 1246 3300 sanctum
1260 3234 1292 3285 F.
1310 3262 1346 3273 -
1361 3236 1510 3288 rectoribus
1523 3236 1577 3287 ffl.
1590 3265 1626 3277 -
1642 3238 1768 3289 inocnlnn
1787 3257 1832 3291 cm

660 3303 785 3356 Tros-a
802 3303 858 3371 (bg
874 3303 903 3355 in
917 3303 990 3383 mg.)
1007 3302 1046 3354 El
1067 3302 1121 3363 [1³4
1138 3318 1155 3353 a
1173 3319 1199 3370 p.
1218 3318 1266 3365 m.‚
1284 3301 1345 3352 1³12
1362 3317 1379 3354 a
1395 3319 1453 3354 sec.
1470 3308 1532 3364 m),
1551 3304 1624 3355 ulter
1642 3305 1702 3355 cod.
1719 3303 1832 3357 Bartbii

658 3371 869 3434 1.c.‚elterin
888 3388 945 3438 mg.
979 3369 1198 3422 succendendum
1216 3367 1250 3420 B.
1286 3369 1481 3422 inveniendum
1503 3369 1551 3421 Pe.
1592 3370 1782 3422 occulendum
1799 3372 1831 3424 M

659 3454 851 3567 {appaream-n,-
875 3438 926 3565 Ra)
937 3437 1000 3490 add.
1018 3454 1079 3519 qup.
1099 3435 1150 3557 ign.
1162 3435 1414 3556 urgpcplp’anttlum
1431 3435 1605 3555 {Sbssiltu
1622 3442 1719 3556 p‘rm'}
1737 3438 1830 3557 ngffiit

731 3521 748 3558 a
787 3523 881 3558 .mm
904 3539 936 3557 ..
976 3520 1090 3567 „manus
1129 3520 1160 3554 cc
1226 3520 1250 3555 c.
1317 3520 1373 3556 on.
1454 3520 1486 3556 er
1506 3520 1551 3553 um
1573 3522 1698 3557 mocuun
1719 3522 1762 3557 um
1803 3524 1830 3558 rc

658 3589 722 3625 esse
739 3523 951 3639 praeterendum
969 3571 1054 3624 iucile
1073 3576 1218 3623 contextus
1236 3571 1327 3623 docet.
1367 3542 1437 3623 Nulla
1457 3570 1584 3637 sequitur
1594 3575 1718 3639 fractus,
1749 3572 1830 3627 cuius

657 3646 756 3707 tropus
779 3642 815 3693 ab
838 3641 934 3693 eadem
956 3638 1067 3708 origine
1088 3637 1279 3705 proficiscitur
1302 3653 1385 3705 quum
1408 3640 1496 3693 babet
1522 3638 1638 3691 verbum
1663 3641 1829 3695 inoculorc.“

657 3708 743 3759 Zeun.
777 3709 967 3761 moderandum
984 3713 1061 3773 (sup.
1078 3706 1280 3767 inculcandam)
1301 3708 1372 3758 Bere.
1396 3738 1429 3746 -
1450 3707 1611 3760 viderentur
1633 3708 1669 3759 Η.
1690 3737 1726 3749 -
1750 3710 1829 3763 Hunc

657 3782 726 3836 (om.
740 3780 817 3835 cero)
833 3775 864 3827 Ιι.
882 3800 917 3815 -·
937 3782 998 3842 post
1013 3774 1142 3827 bominem
1159 3774 1257 3827 durare
1273 3772 1335 3826 Fal.
1357 3800 1391 3813 -
1412 3775 1516 3829 ostendi
1532 3774 1619 3828 iuste
1634 3776 1687 3829 nisi
1707 3776 1829 3829 Membr.

656 3841 770 3896 Bartbii
788 3843 809 3894 l.
831 3860 855 3895 c.
884 3841 1053 3908 ‚,0ptimus“
1078 3842 1163 3894 Grcn.
1202 3843 1306 3895 ostendi
1328 3843 1415 3897 iuste
1436 3842 1557 3913 nonnipi
1579 3841 1633 3894 Ha
1663 3870 1697 3883 -
1722 3846 1829 3897 onimnc

656 3911 719 3962 add.
735 3927 752 3962 a
769 3926 825 3962 nec.
844 3926 881 3961 m.
897 3910 948 3961 Ra
971 3938 999 3947 -
1024 3909 1090 3961 atde
1105 3910 1186 3961 enim
1203 3915 1279 3976 (sup.
1296 3910 1358 3962 add.
1375 3916 1478 3971 autem)
1494 3911 1545 3962 Ra.
1567 3937 1594 3947 -
1613 3910 1708 3963 animo
1726 3912 1829 3965 odacr-

655 3980 688 4030 tit
705 3977 737 4029 Ia.
755 4005 790 4015 -
807 3978 867 4029 ioca
883 3974 939 4029 illis
954 3977 1004 4027 Rl.
1021 4003 1054 4014 -
1075 3976 1203 4028 necibus
1220 3993 1247 4027 v.
1263 4003 1297 4015 -·
1309 3978 1387 4045 probi
1402 3978 1580 4044 improbique
1598 3976 1684 4028 Fllssr.
1717 3979 1829 4046 improbi

653 4046 774 4113 probior
802 4044 837 4095 T.
865 4072 898 4081 —
928 4044 1057 4112 deputata
1078 4050 1140 4097 eunt
1167 4043 1189 4093 F
1213 4043 1267 4103 (Rl
1292 4061 1354 4110 sup.
1378 4047 1454 4109 rint,
1491 4043 1520 4095 in
1546 4060 1603 4109 mg.
1633 4043 1828 4110 deputanda).

757 4116 783 4164 6.
821 4111 965 4164 Plrcdrons
983 4110 1052 4165 Mas.
1074 4114 1116 4162 vl.
1151 4109 1317 4163 ceramo.
1336 4116 1518 4177 proserta.
1538 4108 1637 4176 Steplr.
1657 4138 1691 4147 —
1711 4112 1786 4163 lucca
1807 4113 1828 4163 lr

656 4178 685 4232 in
704 4194 762 4246 mg.
781 4206 815 4217 -
837 4174 958 4231 acema'c
975 4195 1048 4259 rcqq·
1067 4195 1094 4229 v.
1130 4184 1241 4230 coemto.
1269 4178 1395 4259 §cqpitnr
1412 4178 1465 4229 m.
1482 4204 1515 4216 -
1535 4176 1707 4293 pitam‘bppc
1727 4177 1778 4227 Ra.
1799 4205 1827 4219 -

655 4245 1829 4381 {illinist[sniiffilnriilundlssbbbll⁰1lllfbblebfbliffmimrlffimflll

656 4381 745 4433 (iren.
765 4406 799 4419 -
823 4382 939 4453 Gorgia]
960 4382 995 4432 ci.
1019 4397 1045 4446 p.
1067 4381 1128 4430 524.
1151 4378 1248 4447 steph.
1275 4407 1303 4417 -
1333 4380 1459 4431 immoto
1479 4379 1617 4448 gravitate
1642 4378 1673 4429 P.

655 4454 682 4500 1.
719 4464 817 4517 praec
850 4452 871 4503 it
896 4449 975 4502 Ps-z.
1013 4448 1110 4514 recepit
1131 4446 1201 4499 ltus.
1224 4448 1288 4499 rell.
1310 4447 1391 4515 mgb.
1413 4445 1502 4510 „ilisa
1521 4447 1648 4500 omner.“
1672 4446 1756 4500 (iren.
1779 4446 1828 4513 qui

818 4465 848 4519 ‘P

688 4664 714 4711 b.
748 4660 948 4727 inveniendum]
976 4657 1150 4722 „laconiam
1173 4652 1217 4709 ἐν·
1266 4664 1348 4711 tatem
1366 4656 1486 4708 adserere
1503 4657 1539 4708 ci.
1557 4656 1635 4709 Verr.
1648 4657 1680 4708 [ι.
1694 4655 1725 4709 Ia.
1742 4656 1826 4723 Vbi,

654 4725 835 4794 anacteam
855 4732 900 4779 est
917 4727 1095 4790 metaphora,
1118 4724 1217 4776 atad·
1266 4725 1342 4792 564.
1361 4724 1461 4775 Maeli.
1496 4722 1557 4776 biv.
1575 4724 1627 4785 Ill,
1643 4727 1733 4790 45‚a;
1755 4724 1827 4776 Sue·

652 4801 749 4847 monet
771 4792 950 4846 camerarius
972 4794 1007 4845 ab
1034 4790 1216 4844 insitionibus
1266 4798 1324 4843 ton.
1357 4790 1453 4843 Vitell.
1484 4796 1540 4855 10.;
1575 4791 1688 4859 Ulpian.
1717 4791 1827 4860 Dignst.

652 4867 755 4915 tracta.
788 4862 856 4914 Sive
872 4861 959 4913 etium
976 4861 1097 4913 ullorum
1120 4859 1155 4910 ad
1171 4858 1215 4910 di·
1266 4858 1551 4925 xavtr,1o,11‚a
1577 4865 1606 4912 et
1625 4861 1655 4912 in
1674 4861 1826 4912 scroitntcm

653 4935 731 4982 ctum
745 4935 846 4997 poetae
861 4944 879 4981 a
900 4929 935 4980 ud
951 4927 1125 4980 rltbenecum
1141 4925 1215 4995 pull,
1243 4927 1387 4980 adserere
1402 4926 1437 4977 ci.
1455 4925 1516 4979 biv.
1532 4927 1683 4992 111,44‚5;
1702 4926 1825 4988 XXXIV,

652 5002 696 5049 65.
719 5015 745 5064 p.
769 4998 851 5049 ansb.
876 4948 950 5064 ban]
975 4996 1080 5048 veteris
1101 4996 1150 5061 qui
1169 4994 1216 5047 iu·
1266 4999 1308 5061 10,
1325 4999 1357 5058 ²3
1377 4994 1486 5060 XXXV,
1505 4999 1546 5056 16,
1564 4998 1610 5057 11;
1627 4994 1740 5046 Sueten.
1759 4993 1824 5044 Tib.

653 5064 752 5117 ntitlae
767 5064 837 5117 dicit
852 5059 968 5132 χρύσεον
986 5056 1089 5129 ὄμμα.“
1109 5063 1198 5114 Ponr.
1265 5066 1291 5114 2.
1329 5063 1408 5115 ldem
1436 5061 1589 5114 Suetonius
1615 5061 1707 5127 Gelig.
1737 5064 1771 5111 59
1796 5066 1826 5111 et

686 5136 713 5183 6.
753 5134 845 5185 anima
875 5133 905 5183 in
932 5146 1023 5183 omnm
1056 5131 1217 5200 dignitatem
1265 5130 1365 5182 Claud.
1381 5134 1414 5181 10
1435 5130 1523 5182 babet
1539 5129 1660 5182 ademere
1680 5130 1826 5180 libertatem

712 5200 833 5265 adserta]
854 5196 1217 5251 imitatuaestMocrobius
1265 5202 1294 5250 ct
1320 5197 1401 5251 Caes.
1431 5201 1466 5250 16
1492 5198 1521 5250 in
1552 5197 1700 5250 adserenda
1730 5196 1824 5264 digni-

653 5265 767 5322 diccndi
786 5267 927 5322 formulas
948 5266 1064 5334 aliqumr
1084 5266 1114 5319 in
1135 5266 1216 5320 liber-
1263 5272 1328 5321 tate.
