5092 6425
699 892 767 961 246
1182 886 1392 956 Macuouu

702 1064 796 1131 tionis
821 1061 877 1133 sit,
913 1057 1039 1123 adhibet
1065 1056 1120 1122 srni
1146 1078 1204 1124 suo
1225 1060 1323 1122 MAI
1339 1057 1484 1145 syllabam
1512 1063 1545 1123 et
1573 1054 1653 1121 iacit
1674 1054 1720 1123 de
1744 1077 1782 1122 se
1804 1058 1880 1143 pm}

703 1169 792 1224 rum,
812 1147 879 1228 βοῶ
901 1144 1045 1227 βοῶμαι,
1066 1143 1149 1226 τιμῶ
1168 1145 1328 1226 τιμῶμαι
1347 1144 1372 1209 si
1392 1164 1466 1209 sero
1487 1142 1527 1207 sit
1550 1141 1679 1228 primae
1701 1141 1758 1208 vel
1779 1145 1881 1218 tertiae

706 1235 741 1298 Ω
764 1233 796 1297 in
822 1231 885 1294 OT
898 1238 1017 1294 mutato
1039 1236 1071 1292 et
1093 1237 1216 1314 accepta
1239 1228 1381 1294 similiter
1402 1229 1500 1293 MAI
1515 1227 1682 1312 passivum
1708 1234 1817 1306 creat,
1843 1251 1881 1311 φι

673 1319 750 1387 ilai
778 1316 953 1402 φιλοῦμαι,
987 1314 1099 1397 χρυσῶ
1125 1315 1319 1397 χρυσοῦμαι.
1361 1312 1632 1379 Permutationem
1666 1320 1785 1378 autem
1810 1313 1881 1376 aab

709 1404 773 1467 OT
789 1402 827 1465 de
849 1400 1046 1465 circumflexo
1069 1407 1196 1464 accentu
1222 1399 1305 1463 nasci
1334 1399 1480 1464 indicium
1511 1404 1559 1463 est
1587 1397 1745 1464 futurum
1777 1397 1882 1483 linguae

705 1488 846 1562 Doricae,
863 1484 947 1571 quod
967 1483 1045 1548 hane
1063 1483 1332 1569 permutationem,
1349 1505 1418 1557 oum
1437 1484 1469 1549 in
1489 1482 1622 1548 alterum
1647 1503 1760 1569 genus
1780 1483 1882 1557 transd

677 1571 764 1643 aiibi
789 1571 938 1647 vindicat,
964 1565 1091 1653 ποιήσω
1111 1571 1326 1653 ποιησοῦμιιι,
1358 1567 1440 1646 λέξω
1464 1567 1632 1649 λεξοῦμαι.
1682 1573 1731 1634 at
1755 1568 1791 1633 in
1813 1569 1882 1654 buy·

706 1657 789 1723 tonis
809 1656 954 1721 omnibus
977 1656 1012 1717 Ω
1034 1654 1066 1720 in
1092 1656 1121 1717 0
1143 1663 1262 1721 mutato
1285 1663 1317 1721 et
1337 1655 1454 1720 adieota
1477 1654 1575 1717 MAI
1590 1652 1766 1739 passivum
1789 1654 1882 1741 ligura

679 1746 769 1819 dtur,
796 1738 878 1823 λέγω
899 1738 1043 1822 λέγομαι,
1067 1734 1176 1803 τύπτω
1199 1737 1370 1823 τύπτομαι,
1389 1734 1547 1824 ἡνιοχεῦσι
1567 1732 1811 1822 ἡνιοχεύομιτι.
1848 1740 1880 1804 lta
1919 1748 1921 1753 '

707 1846 782 1977 titt
803 1825 947 1976 lilii
967 1823 1359 1994 ,liltittlidtt
1372 1833 1447 1974 th
1462 1822 1581 1975 ,itt
1600 1844 1777 1993 litii
1785 1824 1881 1996 ,tt

1570 1957 1580 1988 5

709 2018 768 2080 μαι
788 1991 968 2081 γράφομαι.
1012 1993 1102 2075 Quae
1129 1995 1219 2061 aliter
1247 1994 1412 2060 habuerint
1429 2012 1479 2059 'ex
1507 1993 1567 2059 illis
1587 1995 1700 2060 verbis
1723 2003 1882 2082 suntque

710 2102 780 2147 rum
800 2081 900 2167 prima
922 2079 1034 2167 positio
1056 2080 1087 2144 in
1110 2082 1175 2145 ΜΙ
1190 2080 1263 2157 erit,
1284 2101 1363 2166 quae
1385 2100 1509 2164 semper
1527 2079 1643 2165 passivi
1664 2081 1882 2166 paenultimam

681 2167 836 2233 librarem
866 2165 997 2243 iaciunt,
1030 2173 1066 2230 ut
1091 2164 1223 2247 τίθεμαι
1244 2166 1377 2249 ἵσταμαι
1396 2165 1537 2248 δίδυμαι
1579 2165 1665 2230 ltem
1697 2165 1883 2267 evocanda

712 2252 759 2317 rel
781 2252 871 2317 tertia
897 2249 1112 2335 coniugatione
1134 2250 1240 2317 eadem
1270 2258 1318 2316 est
1344 2250 1478 2316 secunda
1505 2269 1636 2335 persona
1667 2252 1793 2337 passari
1821 2270 1884 2338 quas

711 2337 802 2405 activi
823 2337 931 2413 tertia,
954 2337 1032 2424 νικᾷ
1052 2332 1190 2415 ἐκεῖνος,
1210 2338 1288 2400 νιιιᾶ
1305 2331 1362 2400 σύ·
1393 2338 1551 2420 στεφανοῖ
1569 2333 1719 2415 ἐκεῖνος,
1739 2339 1886 2422 στεφανοῖ

683 2417 764 2491 ord.
808 2424 885 2487 ltem
907 2442 1051 2508 praesens
1073 2421 1155 2506 quod
1179 2421 1210 2485 in
1232 2400 1470 2496 Marrasion,
1492 2440 1548 2484 seu
1569 2422 1824 2506 perispomenon
1843 2441 1886 2487 seu

713 2508 885 2591 barytonon
907 2514 939 2571 et
964 2506 1184 2591 cuiuscumque
1211 2506 1435 2590 coniugationis
1461 2505 1502 2570 sit
1527 2513 1649 2591 praeter
1673 2506 1732 2571 illa
1764 2527 1887 2594 quornm

714 2591 813 2676 prima
834 2591 947 2675 positio
967 2591 998 2654 in
1020 2591 1085 2652 MI
1102 2592 1175 2669 erit,
1197 2591 1362 2656 secundam
1382 2610 1543 2677 personam
1564 2610 1628 2655 una
1650 2591 1780 2676 syllaba
1801 2593 1887 2657 mino

713 2695 780 2739 rom
800 2674 933 2759 profert,
955 2675 1115 2755 λαλοῦμαι
1134 2677 1229 2760 λαλῇ,
1248 2678 1390 2759 τιμῶμαι
1409 2677 1500 2762 τιμᾷ,
1521 2677 1759 2760 στεφανοῦμαι
1783 2691 1888 2762 στεφα-

714 2763 783 2838 νοῖ,
804 2755 939 2841 λέγομαι
957 2755 1052 2843 λίγρ,
1073 2757 1299 2844 θεραπεύομαι
1317 2757 1493 2847 θεραπεύῃ.
1933 2764 1935 2773 ’

887 2842 927 2907 Χ.
969 2843 1017 2908 lla
1040 2850 1101 2908 tem
1125 2864 1179 2908 ore
1200 2845 1303 2911 minus
1323 2866 1415 2932 quam
1434 2845 1569 2932 perfeeto
1589 2844 1729 2930 passivo.

800 2927 907 2993 Minus
930 2948 1022 3014 quam
1045 2864 1213 3013 periisotum
1238 2931 1392 3016 passivum
1417 2931 1498 3018 apud
1518 2929 1653 2996 Graecos
1675 2930 1811 2998 duobus
1831 2952 1889 2997 nas

666 3013 818 3098 [soapnitur
847 3012 955 3078 modis.
998 3017 1063 3081 hul
1091 3014 1175 3080 onim
1203 3037 1297 3081 omne
1322 3037 1468 3102 praesens
1489 3024 1612 3100 tompus
1641 3017 1810 3101 passivum
1832 3038 1891 3082 mn

716 3105 780 3164 tata
812 3099 843 3164 in
872 3099 933 3165 fine
958 3100 1014 3163 AI
1037 3097 1229 3187 diphthongo
1262 3102 1294 3166 in
1323 3102 1399 3166 HN
1425 3122 1496 3166 ourn
1533 3099 1708 3166 adiectione
1745 3102 1891 3189 temporis

716 3184 882 3251 crescentis
910 3183 1060 3271 incapite
1083 3185 1154 3252 lacit
1179 3208 1218 3252 ex
1243 3208 1277 3254 se
1304 3186 1519 3285 minusquam
1541 3184 1731 3273 perlectum,
1774 3184 1893 3287 ἄγομαι

716 3267 858 3355 ἠγόμην,
889 3267 1051 3355 τρέψομαι
1073 3268 1272 3357 ἐτρεφόμηνε
1308 3281 1485 3340 autminus
1548 3292 1598 3336 am
1613 3270 1801 3422 perlectum
1826 3282 1892 3340 acir-

718 3377 792 3422 vum
821 3365 891 3422 ante
911 3356 1051 3421 nltimam
1074 3357 1194 3422 literam
1216 3379 1303 3423 suam
1332 3355 1440 3423 inserit
1464 3358 1510 3420 M
1562 3364 1594 3421 et
1625 3356 1685 3422 neit
1708 3379 1750 3423 ex
1774 3380 1810 3425 se
1832 3380 1892 3445 pas

688 3440 828 3541 hsiyum,
856 3439 990 3506 ἐποίουν
1013 3438 1201 3539 ἐποιούμην,
1225 3440 1374 3528 ἔγραφον
1394 3437 1594 3541 ἐγραφόμην.
1610 3526 1618 3540 .
1636 3443 1742 3542 Apud·
1759 3443 1893 3511 Graeoos

719 3548 822 3592 minus
842 3527 977 3611 perlecto
995 3548 1150 3612 passivum
1175 3528 1328 3628 minorarn
1344 3527 1459 3613 syllaba
1480 3549 1511 3625 ιιι
1533 3526 1634 3591 verbis
1653 3529 1808 3595 omnihus
1848 3549 1892 3593 ro

719 3610 780 3675 tart
803 3609 968 3675 secundam
991 3632 1153 3698 personam
1176 3621 1298 3698 praeter
1320 3613 1371 3678 illa
1393 3632 1472 3698 quae
1496 3635 1528 3676 ιιι
1550 3613 1615 3676 ΜΙ
1632 3621 1768 3679 exeunt:
1871 3637 1892 3676 ι-

720 3689 836 3859 ρρίριγιρνυ
849 3691 977 3773 ἐποιοῦ,
1017 3692 1179 3780 ἐτιμῶμρν
1199 3695 1313 3781 ἐτιμῶ,
1353 3692 1536 3781 ίῦηλούμην
1561 3694 1695 3780 ίῦρλοῦ,
1736 3695 1894 3783 ἑλεγόμιμ

789 3877 844 3929 Μι.
861 3876 908 3940 P.]

788 3945 841 4012 Ill,
866 3947 891 3997 3.
927 3944 1036 3997 Aulin
1054 3944 1086 3998 P.
1238 3952 1264 3999 6.
1300 3950 1445 4002 AAAH..
1466 3951 1569 4002 TIMA
1586 3984 1611 4001 .-
1629 3950 1746 4005 ΑΕΓΗ
1760 3954 1794 4006 Ρ.

788 4014 827 4078 X,
850 4018 875 4066 1.
914 4012 1155 4066 ΤΡΕΦΟΜΗΝ
1170 4014 1200 4067 P.
1353 4021 1380 4069 ἳ.
1415 4019 1522 4085 syllaba
1541 4016 1644 4085 scripsi
1661 4035 1677 4069 a
1695 4020 1771 4073 enni.
1787 4021 1897 4075 Zennii.

722 4082 862 4151 syllabam
876 4079 979 4134 Eddd'.

720 4166 908 4304 ρινίιύίιιύιούί,
929 4167 1109 4286 1ι’ίὶιτιειύιιιίοο
1124 4234 1200 4285 annin
1224 4236 1322 4286 alianis
1336 4234 1385 4298 sit,
1415 4235 1521 4286 adhibet
1534 4234 1590 4300 fini
1605 4251 1654 4287 aaa
1669 4236 1746 4288 MAI
1763 4238 1898 4306 syllabam

723 4310 748 4357 el
757 4306 830 4369 facit
847 4303 881 4354 de
898 4317 926 4353 se
938 4302 1090 4368 passivam
1123 4298 1181 4369 βοῶ
1201 4251 1327 4369 §arripare²
1360 4319 1377 4353 τ
1407 4301 1429 4352 ῶ
1452 4300 1579 4368 τιμῶμαι.
1617 4304 1648 4354 Si
1664 4319 1726 4356 nero
1740 4307 1779 4358 sit
1792 4307 1898 4375 prinas

722 4371 764 4422 nel
781 4371 888 4432 tertiae,
908 4366 935 4417 ih
954 4367 983 4417 in
1003 4365 1058 4417 ΟΥ
1072 4376 1173 4420 mutato
1191 4376 1215 4421 ct
1232 4378 1340 4433 accepta
1360 4375 1373 4431 ί
1417 4385 1434 4422 n
1451 4386 1475 4435 p.
1495 4386 1532 4419 m·
1552 4375 1665 4439 coepta)
1683 4373 1809 4426 τίπιίίὶλττ
1824 4375 1902 4427 MAI

721 4439 858 4504 passivam
875 4439 960 4495 erent,
990 4431 1059 4499 φιλῶ
1083 4434 1230 4501 φιλοῦμαι,
1255 4435 1347 4501 χρυσῶ
1368 4435 1530 4503 χρασοῦμοιι.
1566 4438 1792 4491 Permutationeas
1808 4449 1898 4495 aula·

726 4503 753 4554 dh
770 4503 797 4553 in
818 4498 874 4552 ΟΥ
887 4500 919 4551 de
936 4500 1100 4567 circumflexa
1118 4510 1225 4554 accentu
1243 4505 1371 4556 indicium
1390 4512 1437 4555 eat.
1473 4505 1607 4570 (Reliqua
1630 4506 1687 4557 rid.
1704 4524 1729 4557 e.
1747 4510 1810 4569 23.)

759 4602 854 4668 1x‚2.
884 4606 1009 4668 saturum
1029 4605 1141 4673 linguae
1160 4606 1283 4674 Doricae]
1334 4624 1359 4658 ο.
1377 4609 1403 4671 4,
1424 4607 1436 4672 5
1454 4612 1488 4670 5.,
1506 4624 1530 4658 e.
1551 4611 1593 4669 13,
1611 4609 1641 4676 §i
1658 4613 1675 4661 o
1692 4615 1720 4661 el
1737 4614 1763 4661 8.
1778 4610 1828 4673 ah,
1847 4609 1898 4663 aad

724 4668 790 4730 .,Ci.
811 4669 927 4724 Varinns
945 4671 1121 4725 Pharorinns
1145 4675 1197 4725 sub
1215 4689 1284 4724 vona
1335 4673 1425 4742 primo
1453 4675 1556 4741 positio
1585 4676 1613 4728 id
1641 4684 1684 4730 est
1713 4677 1788 4729 undo
1817 4677 1897 4731 aliud

726 4731 859 4803 ίπῶρσε.“
877 4738 963 4790 Zann.
1334 4741 1400 4808 quid
1420 4742 1577 4808 derivatus,
1615 4746 1677 4798 sive
1696 4745 1898 4812 personantias

758 4807 785 4855 4.
818 4805 906 4872 prima
923 4806 1030 4872 positio]
1054 4805 1105 4869 „In
1124 4806 1284 4859 nominihus
1335 4819 1445 4876 tempus
1466 4809 1527 4862 sire
1551 4812 1649 4865 modas
1672 4820 1723 4865 est.
1763 4811 1808 4865 Gi.
1828 4829 1853 4865 a.
1871 4816 1898 4876 8,

725 4887 744 4925 ι
761 4872 904 4924 veteribus
920 4873 1114 4938 grammaticis
1131 4874 1221 4939 prima
1236 4891 1286 4941 po·
1336 4877 1363 4943 §i
1380 4881 1402 4927 1.
1420 4880 1446 4928 2.
1461 4879 1496 4939 3.,
1513 4894 1537 4929 e.
1555 4881 1582 4943 4,
1599 4879 1612 4945 5
1629 4885 1664 4943 3.,
1683 4899 1705 4933 e.
1723 4879 1780 4947 b,§
1800 4886 1836 4945 1.,
1854 4879 1898 4932 in-

725 4938 1015 4991 sitiodicitureasns
1034 4940 1237 5004 nominativus,
1256 4942 1286 4993 in
1337 4942 1544 5011 primiaantem
1564 4950 1639 5010 all,
1662 4948 1690 5015 §§
1710 4952 1734 4999 1.
1754 4950 1842 5012 2³„
1873 4964 1897 5000 o.
1965 4935 1970 5028 i

724 5006 819 5061 vorbis
850 5013 943 5060 autern
972 5021 1044 5071 qaino
1074 5008 1159 5073 vulgo
1195 5009 1287 5075 prima
1338 5012 1491 5077 14,§1n,
1521 5030 1545 5066 e.
1565 5017 1611 5075 15,
1632 5016 1687 5081 5⁷·
1723 5015 1801 5066 ldem
1820 5015 1899 5069 valet

725 5083 842 5128 vocatur
856 5076 1003 5143 personn.“
1020 5073 1105 5126 Ζιιιιιι.
1117 5100 1151 5113 -
1168 5075 1287 5129 Ειιιιιιο
1336 5081 1449 5147 primunr
1465 5080 1552 5133 tisana
1569 5097 1594 5133 a.
1613 5086 1653 5147 lb,
1670 5083 1684 5149 ρ
1701 5086 1742 5135 ll.
1762 5089 1790 5135 et
1809 5084 1899 5137 thessa

725 5142 868 5196 hominem
892 5144 1003 5194 doctam
1025 5158 1078 5192 non
1103 5148 1146 5194 est
1168 5142 1286 5197 difficile
1338 5164 1362 5198 c.
1382 5148 1427 5209 le,
1447 5146 1461 5211 ρ
1482 5150 1523 5197 lt.

670 5255 673 5262 .
725 5214 852 5289 probato.
888 5210 959 5264 Nam
979 5210 1071 5277 prima
1094 5227 1212 5278 persona
1231 5214 1286 5263 hoe
1370 5212 1409 5276 X,
1443 5217 1466 5262 1.
1500 5216 1623 5283 temporis
1644 5215 1792 5283 οτοιταιλίι]
1823 5216 1898 5283 quod

726 5293 789 5343 apso
810 5280 922 5333 nomina
940 5280 1103 5347 appellatur
1124 5298 1147 5333 e.
1163 5284 1194 5346 3,
1217 5280 1286 5346 52,
1337 5287 1516 5348 augmentum
1536 5290 1637 5336 vocant
1654 5282 1843 5351 grammatici.
