5092 6425
737 882 802 949 ato
1223 878 1430 947 orscaoull

740 1056 922 1125 aemiliensis:
962 1052 1007 1116 sie
1033 1056 1065 1114 et
1094 1068 1179 1112 emor
1204 1070 1357 1125 amemur,
1397 1047 1522 1113 amabar
1551 1044 1765 1124 amabuntur,
1810 1048 1903 1113 emolu

694 1142 916 1214 lilmnnlnimer.
965 1138 1001 1201 ln
1033 1133 1159 1199 Graecis
1191 1135 1292 1200 verbis
1324 1133 1456 1199 seeundo
1486 1152 1623 1217 persona
1661 1132 1804 1217 pluralis
1834 1134 1903 1197 nstin

741 1248 835 1294 unam
859 1223 986 1289 ultimae
1009 1219 1141 1305 syllabae
1162 1239 1236 1285 suae
1259 1220 1377 1284 literam
1406 1222 1437 1282 T
1453 1225 1552 1282 mutat
1575 1218 1607 1282 in
1636 1220 1675 1280 Σ
1691 1216 1757 1282 καὶ
1782 1221 1821 1297 Θ,
1842 1218 1904 1283 etb

743 1312 875 1400 passiva,
895 1311 1014 1371 ποιεῖτε
1033 1308 1195 1381 ποιεῖσθε,
1215 1302 1356 1390 γράφετε
1377 1299 1560 1388 γράφεσθε.·
1599 1302 1692 1388 quod
1719 1325 1788 1369 non
1811 1304 1904 1369 mireris

623 1396 628 1407 '
692 1398 796 1485 [eruin
817 1392 989 1481 praeteritis
1011 1388 1152 1476 perlectis
1174 1411 1235 1454 non
1258 1390 1397 1465 evenire,
1430 1409 1499 1453 cum
1522 1383 1730 1471 πεποιήκατε
1755 1386 1905 1473 πεποιέμο·

743 1488 803 1547 σθε
826 1501 888 1545 οοο
910 1477 1012 1543 saciat·
1027 1475 1080 1541 sed
1102 1476 1295 1558 πεποίησθε,
1336 1496 1392 1539 οοο
1410 1470 1559 1537 λελύκατε
1582 1468 1785 1539 λελύκασθε
1805 1475 1855 1540 sed
1872 1469 1904 1537 λε’-

742 1572 858 1645 λυσθε,
901 1584 958 1629 οοο
977 1556 1164 1646 πεφράκατε
1189 1555 1402 1644 πεφοιέκασθε
1425 1558 1477 1625 sed
1499 1554 1699 1656 πέφρασθε,
1746 1568 1783 1625 et
1810 1560 1905 1626 similia

695 1653 811 1723 ltalia
834 1650 916 1717 enim
937 1646 1041 1733 regula
1061 1646 1109 1711 bis
1128 1646 1320 1731 temporibus
1340 1644 1483 1722 obviavit,
1503 1664 1591 1709 cuius
1612 1643 1798 1731 imperium
1820 1652 1906 1723 estut

742 1737 846 1804 omnia
861 1734 952 1800 rerba
966 1732 1208 1881 quorurnprima
1222 1751 1352 1817 persona
1373 1730 1404 1794 in
1420 1732 1481 1793 ΘΑ
1498 1728 1561 1793 exit
1579 1730 1764 1795 secundam
1779 1732 1905 1797 minorem

743 1822 857 1908 syllaba
885 1818 1050 1905 prolatant
1126 1817 1134 1880 i
1157 1836 1231 1901 erqo
1253 1816 1375 1881 lecisset
1396 1811 1634 1898 πεποιήνασθε,
1679 1836 1745 1901 par
1770 1816 1851 1882 leret
1868 1836 1905 1880 nu

743 1926 847 1973 uterus
867 1904 1050 1991 syllabarum
1071 1922 1140 1967 cunr
1164 1901 1261 1986 prims
1283 1897 1494 1984 πεποιήμεθα,
1515 1899 1540 1965 εἰ
1559 1896 1769 1981 λελύκασθε,
1791 1923 1859 1968 eum
1875 1905 1905 1964 λε

743 1988 879 2075 λύμεθα,
902 1989 927 2054 si
949 1983 1179 2072 reperissetis,
1212 2008 1282 2052 eum
1305 1982 1510 2070 πεφοάμεθα.
1552 1985 1627 2051 Ideo
1658 1988 1848 2053 necessario
1865 1985 1905 2052 sil

696 2078 811 2148 lllaba
833 2074 931 2141 media
952 2075 1106 2139 subtracta
1125 2071 1253 2148 resedit,
1273 2070 1451 2155 πεποίησθε
1470 2067 1607 2134 λέλυσθε
1626 2066 1830 2156 πέφρασθε.
1868 2056 1906 2139 b·

745 2172 845 2229 terum
873 2164 991 2224 ποιεῖτε
1011 2163 1173 2237 ποιεῖσθε,
1210 2154 1314 2240 λέγετε
1333 2154 1465 2239 λέγεσθε
1493 2155 1587 2240 priori
1613 2158 1752 2242 regulae
1783 2156 1907 2244 obsequi

743 2255 809 2324 tor,
831 2248 903 2333 quia
925 2267 985 2309 non
1007 2250 1158 2329 repugnat
1177 2240 1334 2329 sequenti:
1362 2236 1546 2324 ποιούμεθα
1567 2240 1653 2306 enim
1682 2249 1858 2322 ποιεῖσθε,
1875 2245 1907 2305 λε-
1940 2310 1943 2329 Ι

696 2332 868 2417 15γόμεθα
888 2326 1030 2413 λέγεσθε.
1073 2330 1109 2394 ln
1130 2328 1231 2394 verbis
1252 2326 1380 2414 passivis
1401 2328 1447 2394 vel
1466 2326 1586 2411 passivo
1604 2326 1775 2395 similibus
1797 2346 1909 2416 persona
1941 2334 1945 2411 l

743 2420 834 2485 tertia
863 2416 1025 2502 singularis
1050 2414 1153 2479 addito
1176 2415 1216 2477 N
1238 2422 1309 2478 anto
1341 2416 1373 2476 T
1396 2433 1466 2478 cum
1499 2411 1615 2496 primae
1643 2432 1813 2497 personae
1837 2434 1910 2500 paen·
1944 2436 1947 2477 ·.

744 2504 852 2569 ultima
876 2502 996 2567 tertiam
1019 2500 1166 2587 pluralem
1190 2498 1271 2576 laeit,
1292 2494 1416 2580 λέγεται
1435 2493 1593 2580 λέγονται,
1618 2502 1775 2564 ποιεῖται
1796 2501 1909 2565 ποιοῖο·
1947 2534 1952 2589 '.

743 2610 806 2665 ται,
827 2586 995 2667 πεποίηται
1017 2584 1218 2666 πεποίηνται,
1239 2583 1346 2667 εἴρητο
1366 2583 1504 2667 εῖρηντο,
1526 2576 1649 2665 ἐλέγετο
1675 2579 1850 2667 ἐλέγοντο,
1868 2580 1909 2649 tls
1950 2594 1953 2647 l

696 2668 868 2754 Ιθλέγεται
891 2664 948 2733 ἐὰν
970 2665 1141 2752 λέγωνται,
1178 2668 1207 2731 el
1228 2665 1353 2750 λέγοιτο
1375 2669 1404 2732 el
1424 2666 1579 2752 λέγοιντο.
1635 2668 1732 2733 Unde
1761 2670 1819 2737 illa
1842 2690 1910 2758 prae·

743 2756 834 2821 terito
853 2752 987 2839 perlecta
1005 2774 1083 2838 quaa
1103 2752 1150 2817 bis
1171 2752 1268 2817 literis
1289 2753 1319 2815 in
1344 2754 1444 2818 medio
1465 2759 1607 2819 contexta
1629 2762 1724 2831 sunt,
1753 2757 1846 2822 utin
1865 2765 1910 2821 ter·
1954 2782 1956 2805 ι

742 2841 785 2906 tia
807 2858 936 2926 persona
958 2837 1130 2935 pluraliltl
1150 2857 1211 2900 non
1234 2837 1330 2920 possit
1349 2836 1488 2923 adiungi,
1528 2836 1679 2902 advocant
1699 2840 1773 2936 ,sibi
1806 2840 1912 2927 partiei-

744 2946 828 3076 έιέῗοι
847 2918 1012 3094 {mit
1027 2923 1252 3090 (έέέοέέθῖοέ
1268 2924 1506 3093 debili&
1527 2944 1592 3071 ῗέέ
1610 2930 1915 3087 pptqpqt'eupcpp

744 3102 793 3161 est
812 3089 988 3177 τετιλμένοι
1009 3093 1110 3158 εέσῖνε
1147 3088 1326 3177 γέγραπται
1348 3093 1501 3168 similiter,
1539 3092 1610 3179 quia
1638 3092 1726 3159 inter
1754 3098 1801 3159 Π
1820 3095 1918 3162 καέΤ

746 3202 806 3248 οοο
828 3181 1008 3249 admittebat
1028 3182 1077 3260 N,
1113 3173 1330 3264 γεγραμμένοι
1349 3178 1451 3245 elota:
1491 3185 1522 3244 et
1542 3174 1694 3242 τέτυπται
1724 3178 1916 3266 τετυμμένοι

697 3268 838 3349 Πείσέν,
860 3263 1074 3353 έσφμοέγισται
1095 3262 1351 3350 έσφραγισμένοι
1372 3263 1455 3329 εἰσὶν
1474 3272 1506 3329 et
1526 3263 1646 3329 similia.
1692 3263 1808 3334 Omne
1830 3268 1917 3336 Grae

744 3375 815 3419 eum
840 3353 966 3420 verbum
990 3350 1187 3416 indicativum
1207 3352 1429 3435 cuiuscumque
1454 3350 1575 3433 generis
1604 3347 1635 3412 in
1660 3349 1766 3432 prima
1792 3355 1846 3419 sui
1873 3375 1917 3440 po

745 3438 856 3506 sitione
877 3446 931 3503 aut
952 3438 984 3502 in
1007 3439 1041 3501 ,Ω
1065 3435 1138 3511 erit,
1156 3443 1192 3500 ut
1213 3437 1301 3499 tetri
1320 3436 1459 3512 πλουτεῖ,
1485 3442 1539 3499 aut
1559 3434 1589 3497 in
1613 3435 1719 3513 MAI,
1744 3444 1785 3502 ut
1807 3439 1917 3504 satos}

695 3540 827 3608 [alopen
846 3519 1019 3606 βούλομαι,
1042 3529 1096 3586 eut
1118 3521 1149 3584 in
1170 3522 1245 3598 MI,
1267 3528 1303 3586 ut
1323 3519 1408 3604 φημὶ
1428 3519 1559 3602 τέθημιε
1589 3516 1660 3582 lieet
1681 3528 1716 3583 et
1738 3520 1772 3585 in
1800 3528 1837 3587 A
1859 3545 1917 3590 essa

746 3609 902 3683 credatur,
927 3608 1000 3692 quie
1022 3601 1181 3689 έγοήγορα
1203 3605 1342 3671 nonnulli
1365 3605 1431 3671 ausi
1452 3612 1525 3669 sunt
1545 3602 1677 3689 primum
1698 3603 1814 3674 thema
1839 3609 1917 3676 serbi
1977 3617 1981 3662 ¹.

697 3689 954 3777 ldpronuntiare.
996 3690 1088 3837 Apud
1109 3688 1242 3754 Graecos
1263 3692 1298 3752 ,Ω
1319 3711 1380 3754 οοο
1401 3690 1500 3755 εοΙοιο
1522 3689 1553 3753 in
1576 3687 1676 3753 verbis
1698 3691 1815 3758 sedin
1837 3693 1916 3759 omni

767 3783 833 3839 arte
854 3773 1001 3839 orationis
1033 3774 1108 3838 item
1131 3781 1179 3837 est
1202 3774 1383 3840 naturaliter
1404 3776 1509 3859 longa:
1543 3773 1724 3838 Latinorum
1748 3778 1916 3845 verbomm
1980 3827 1981 3846 .

745 3797 837 3924 finale
858 3859 886 3924 0
910 3864 983 3922 sunt
1008 3857 1060 3942 qui
1084 3856 1208 3941 longum
1232 3858 1410 3939 aestiment,
1451 3867 1525 3925 sunt
1552 3856 1604 3945 qui
1629 3857 1724 3923 breve
1751 3861 1917 3930 dilsminnt

813 4028 865 4082 tls.
887 4029 933 4091 Ρ.]

746 4117 786 4166 19.
824 4113 1026 4166 ΠΟΙΕΙΤΑΙ
1047 4111 1079 4164 P.
1232 4114 1272 4162 la.
1308 4112 1460 4163 necessarie
1487 4112 1565 4177 pb-b.
1718 4115 1762 4164 ll.
1799 4117 1920 4169 ΛΕΓΕ-

750 4181 829 4235 ΒΘΑ
837 4185 853 4232 Ι
868 4183 942 4244 (bis)
958 4182 989 4234 P.
1132 4181 1172 4230 lb.
1206 4195 1319 4245 persona
1335 4180 1475 4231 seeundo
1491 4180 1634 4246 pluralis
1649 4178 1753 4230 Eddl’.
1792 4182 1920 4237 Zennlns

746 4249 819 4300 eoni-
836 4252 923 4301 tertie.
945 4277 972 4288 -
995 4247 1076 4300 EAN
1089 4244 1303 4299 AEPONTAI
1319 4247 1347 4297 Ρ.
1503 4250 1541 4296 16.
1581 4245 1743 4297 ΤΕΤΕΙΑ
1754 4250 1814 4299 ΤΕ
1840 4253 1870 4304 Ρ.
1887 4281 1921 4292 -

745 4316 803 4369 εἷσέ
817 4317 886 4368 Edd.
900 4342 937 4357 -
953 4316 1165 4366 nilmittebnmus
1182 4319 1250 4374 (nm.
1267 4313 1315 4375 Ν)
1335 4315 1365 4365 Ρ.
1382 4341 1415 4351 -
1434 4311 1491 4365 εἰσί
1504 4314 1574 4365 Edu.
1591 4340 1623 4352 -
1645 4315 1922 4372 ΤΕΤΕΤΥΠΤΕ

746 4390 814 4445 (om.
832 4390 870 4444 et)
887 4383 918 4434 Ρ.
953 4383 999 4434 sie
1015 4376 1144 4433 τέτυκται
1166 4382 1235 4433 ΕιΙσ.

782 4535 823 4581 1a.
858 4532 1195 4599 ηαοτνπιμτέπιομονοοπσ
1211 4532 1237 4582 in
1257 4530 1304 4583 ΘΑ
1354 4529 1503 4597 legendnm
1528 4547 1591 4583 esse
1618 4536 1696 4599 petet
1718 4548 1751 4583 ex
1775 4537 1920 4604 exemplis

747 4599 811 4664 exit]
834 4598 936 4651 lanino:
960 4617 1068 4667 quorum
1083 4602 1171 4668 prime
1211 4615 1304 4650 οτιοπσ
1354 4599 1543 4665 sequentibus.

745 4666 935 4734 pluralitive
955 4667 1066 4720 ΜΕΘΑ
1084 4669 1145 4719 erit.
1205 4667 1225 4717 l.
1246 4668 1259 4732 ξ
1277 4671 1303 4717 θ.
1389 4671 1429 4716 ld.
1449 4665 1918 4738 eamneefineliesrepostiu'pddu

783 4737 821 4784 ld.
858 4737 921 4800 quie
941 4754 994 4787 non
1017 4742 1151 4804 repugnet
1176 4734 1304 4800 sequenti]
1353 4751 1399 4785 nee
1417 4735 1531 4800 incipere
1548 4733 1740 4797 antetulisse
1757 4737 1826 4804 erut]
1854 4739 1874 4789 i.
1893 4755 1918 4790 e.

747 4815 786 4852 se.
814 4800 893 4866 prior
924 4803 1025 4868 regule
1055 4802 1084 4853 in
1114 4802 1160 4852 lais
1189 4801 1303 4866 quidem
1354 4817 1416 4851 eum
1438 4801 1522 4853 litera
1545 4799 1577 4851 N
1595 4816 1684 4866 neque
1707 4809 1770 4867 post
1788 4807 1814 4854 Λ
1832 4804 1918 4857 linire

746 4868 894 4919 verborum
917 4868 1023 4921 formis.
1062 4869 1304 4937 Peiorregulaes
1354 4873 1448 4936 posset
1475 4868 1631 4936 syllabam,
1663 4883 1754 4932 neque
1787 4870 1919 4939 insipere

745 4942 802 5000 est,
824 4953 896 5003 qnae
916 4935 1165 5004 exponitur-512,
1195 4951 1304 5003 sequens
1354 4943 1514 5003 sequentem
1536 4942 1599 4986 ante
1622 4934 1655 4987 Τ.
1698 4936 1792 4988 bineli
1813 4955 1873 4992 esse
1893 4977 1918 4993 ..

746 5021 818 5072 quse
835 5007 848 5071 γ’
869 5009 909 5056 la.
1348 5006 1398 5068 fes
1413 5011 1470 5055 eret
1485 5003 1558 5054 idem
1578 5001 1655 5053 velet
1669 5017 1703 5052 ne
1712 5005 1800 5068 finali
1815 5023 1874 5060 esse
1890 5041 1918 5060 ..

778 5067 936 5140 ποιούμεθα
965 5071 1034 5124 enim
1061 5067 1195 5136 ποιεῖσθε]
1231 5067 1303 5134 Sup-
1353 5072 1377 5123 el
1394 5071 1501 5132 licebat,
1531 5068 1684 5136 easdemque
1700 5071 1853 5126 verborum
1873 5081 1918 5128 est

745 5140 878 5205 plendum
913 5157 976 5194 esse
1009 5137 1120 5191 ridetur
1144 5138 1223 5202 fecit.
1260 5135 1304 5189 cl.
1352 5143 1504 5190 structure.

746 5208 816 5271 §le
1387 5207 1430 5257 16.
1467 5204 1620 5256 laetitiarum
1636 5203 1771 5256 mim·
1780 5208 1917 5270 fineleo

781 5278 822 5328 la.
854 5294 968 5345 persone
985 5275 1066 5331 tertie
1083 5272 1239 5345 singularis]
1255 5271 1303 5324 Sie
1352 5272 1417 5339 ete]
1436 5270 1479 5325 01.
1498 5273 1533 5325 de
1548 5271 1634 5324 verbo
1652 5287 1676 5324 e.
1693 5273 1722 5335 8,
1740 5269 1755 5338 ί
1773 5275 1800 5326 Ι.
