5092 6425
671 887 714 956 30
1151 880 1359 948 MACROBII

673 1056 751 1123 haec
770 1054 803 1118 in
820 1050 952 1115 eundem
976 1048 1076 1112 locum
1098 1046 1171 1123 dicit
1189 1050 1227 1113 ab
1248 1052 1385 1115 Homero
1396 1052 1463 1116 sub
1486 1051 1593 1116 eadem
1618 1053 1769 1119 divisione
1789 1056 1842 1121 de-

625 1139 836 1223 lssscriptum:
857 1136 950 1210 Latet,
971 1133 1081 1216 inquit,
1099 1155 1184 1196 omne
1202 1157 1323 1200 oerum:
1342 1138 1510 1201 laetamen
1528 1139 1640 1214 onemo,
1659 1161 1727 1203 eum
1743 1141 1780 1204 ab
1797 1144 1843 1226 os·

671 1223 752 1313 piccio
771 1221 907 1306 corporis
927 1239 1028 1282 somno
1056 1218 1119 1280 nus
1140 1219 1301 1303 paululum
1324 1221 1419 1284 libero
1447 1233 1501 1296 est,
1539 1224 1689 1287 interdum
1719 1228 1844 1311 aspicit:

673 1326 898 1391 nonnumquam
918 1303 1010 1366 tendit
1031 1303 1139 1376 aciem,
1160 1324 1214 1367 occ
1234 1317 1332 1369 tameo
1374 1308 1503 1370 aeeoc't:
1524 1318 1634 1371 etcum
1654 1311 1777 1395 aspicit,
1800 1324 1844 1376 to·

673 1414 742 1460 men
770 1411 833 1455 noo
858 1388 949 1453 libero
980 1398 1007 1450 et
1029 1387 1139 1450 directo
1170 1388 1282 1453 lemme
1305 1392 1340 1454 oi
1359 1403 1399 1466 et,
1435 1392 1487 1454 sed
1519 1392 1669 1456 interiecto
1700 1397 1846 1460 velamine

625 1477 755 1577 lllthd
781 1495 879 1538 nectes
902 1482 1030 1537 notum
1059 1471 1214 1555 saltitantis
1240 1475 1365 1540 obdunt.
1427 1476 1470 1539 Et
1498 1475 1556 1539 hoc
1582 1477 1614 1540 in
1641 1486 1751 1544 natura
1777 1502 1845 1546 esse

675 1561 756 1628 rdem
778 1556 925 1642 Virgilius
952 1555 1065 1637 adserit
1088 1555 1204 1620 dicens:

759 1643 882 1729 Aspice:
911 1662 1038 1726 nomque
1059 1662 1186 1716 omnem
1212 1664 1289 1727 quae
1308 1652 1390 1706 oeric
1412 1643 1537 1707 obducto
1550 1643 1653 1710 'tuoni

760 1728 901 1795 Mortales
919 1725 1031 1790 hebetet
1049 1727 1132 1790 visus
1151 1727 1206 1790 tibi
1229 1739 1256 1792 et
1275 1728 1399 1792 tumido
1425 1730 1539 1792 circum

763 1813 892 1897 Colc'pat,
923 1811 1030 1874 nudem
1055 1811 1191 1895 eripiam.

624 1900 745 1967 eouoc
764 1898 904 1964 velamen
925 1916 996 1959 eum
1024 1894 1182 1978 inquiete
1209 1895 1378 1959 adrerum
1402 1916 1502 1980 usque
1532 1896 1628 1960 aciem
1655 1897 1776 1962 animae
1799 1899 1845 1963 in-

627 1982 886 2073 praptrospicientis
905 1979 1053 2055 admittit,
1073 1978 1109 2043 de
1129 2000 1225 2043 cornu
1246 1979 1394 2057 ereditur,
1412 1983 1500 2046 euius
1518 1981 1576 2046 ista
1595 1988 1706 2046 natum
1727 1991 1789 2059 est,
1810 1991 1847 2048 ut

675 2077 837 2136 tenuatum
861 2064 1103 2149 visui-pervium
1131 2063 1186 2129 sit:
1223 2085 1294 2129 cum
1318 2071 1421 2129 autem
1444 2087 1462 2129 a
1484 2087 1558 2131 sero
1583 2065 1709 2131 hebetat
1735 2088 1771 2131 ac
1795 2089 1844 2132 re-

676 2154 764 2242 pellit
785 2158 943 2238 optutum,
970 2150 1047 2214 ebur
1066 2157 1205 2233 putatur,
1233 2149 1321 2213 cuius
1342 2171 1453 2234 corpus
1475 2150 1516 2214 ita
1537 2151 1698 2215 densetum
1721 2159 1783 2229 est,
1808 2159 1845 2216 ut

675 2239 716 2306 sd
740 2236 879 2324 quemvis
904 2233 1130 2299 extremitatem
1155 2234 1314 2299 tenuitatis
1341 2255 1463 2299 erasum
1492 2236 1577 2301 nullo
1606 2235 1675 2301 sisu
1700 2236 1739 2301 ad
1765 2237 1845 2303 ulte·

676 2325 759 2392 riora
780 2323 927 2388 tendente
949 2326 1136 2404 penetretur.

761 2409 814 2472 1v.
857 2404 1006 2470 Tractatis
1026 2403 1189 2487 generibus
1210 2410 1241 2467 et
1260 2403 1369 2480 modis,
1391 2403 1429 2501 ad
1450 2423 1528 2487 quos
1549 2403 1703 2468 somnium
1727 2403 1845 2489 Scipio-

676 2492 726 2558 nis
745 2491 892 2564 relertur‚
919 2509 1000 2552 nune
1020 2488 1117 2572 ipsam
1140 2487 1278 2553 eiusdem
1299 2488 1410 2553 somnis
1430 2495 1565 2552 mentem
1588 2489 1751 2574 ipsumque
1773 2511 1845 2574 pro-

677 2575 828 2662 positum,
850 2593 942 2658 quem
961 2571 1071 2636 Graeci
1094 2567 1218 2635 σκοπὸν
1239 2580 1362 2646 vocant,
1381 2580 1547 2656 antequam
1566 2573 1658 2638 verba
1681 2573 1845 2658 inspician-

676 2669 744 2736 tur,
778 2665 965 2741 temptemus
993 2655 1128 2739 aperire,
1166 2664 1198 2721 et
1219 2678 1256 2720 eo
1279 2657 1432 2742 pertinere
1460 2657 1652 2742 propositum
1675 2659 1846 2742 praesentis

677 2743 780 2831 operis
803 2742 996 2816 adseramus,
1025 2739 1104 2804 sicut
1123 2739 1183 2804 iam
1207 2740 1239 2805 in
1260 2742 1410 2827 principio
1433 2741 1525 2806 huius
1544 2742 1694 2807 sermonis
1715 2743 1847 2809 astruxi·

742 2875 813 2927 uc..
831 2870 1081 2927 ursrnmoun.
1102 2870 1139 2933 (o
1156 2889 1244 2939 nque
1261 2875 1297 2928 aa
1315 2873 1363 2926 sn.
1382 2890 1442 2941 cap.
1460 2855 1544 2936 rimi

676 2961 777 3015 ecdem
796 2961 851 3012 loco
866 2958 917 3010 ur.
953 2958 1050 3010 eodem
1066 2958 1121 3010 ioco
1140 2957 1168 3008 0.
1184 2987 1212 2996 -
1228 2960 1347 3012 scribit
1366 2960 1463 3011 lsoein
1478 2961 1588 3010 cundem
1606 2960 1689 3013 iocum
1706 2962 1757 3014 Rs.
1774 2991 1801 3002 -
1816 2963 1850 3015 ui

676 3028 800 3094 Homero]
820 3027 871 3080 0d.
886 3022 919 3088 c‘,
935 3029 986 3076 562
1003 3040 1078 3091 seqq.
1113 3027 1146 3078 oi
1162 3027 1275 3078 Homew
1289 3028 1336 3079 sui
1352 3026 1431 3092 „Non
1449 3033 1513 3078 sunt
1526 3027 1554 3078 in
1571 3028 1651 3080 bonis
1670 3035 1699 3080 et
1714 3029 1848 3082 lidelibus

676 3095 857 3149 membranis.
890 3094 953 3162 Ego
978 3109 1045 3143 seso
1070 3093 1170 3145 abesse
1194 3095 1296 3145 debere
1317 3096 1412 3161 puto.“
1436 3095 1534 3146 Barth.
1559 3096 1578 3145 l.
1602 3112 1625 3145 e.
1651 3123 1685 3135 ·-
1708 3098 1849 3166 descripta

675 3162 855 3218 FriculsBss.
1017 3164 1059 3211 ts.
1099 3162 1260 3215 interdum
1282 3165 1366 3216 tendit
1388 3161 1469 3214 IoTrs.
1508 3164 1634 3215 extendit
1655 3166 1738 3216 aciem
1760 3165 1791 3217 0.
1818 3194 1844 3205 -

675 3233 730 3288 ud
746 3232 866 3301 persenit
888 3233 962 3294 (sup.
982 3246 1035 3281 non
1058 3230 1085 3281 .i.
1107 3247 1154 3281 noc
1176 3236 1278 3290 tamen)
1301 3230 1330 3282 F.
1353 3258 1386 3269 -
1409 3248 1462 3281 ooo
1483 3238 1571 3282 tomen
1593 3232 1673 3283 litero
1696 3232 1751 3283 FC.
1790 3252 1849 3286 nec

676 3309 765 3355 tomen
785 3300 866 3351 libero
891 3296 942 3346 RQ.
970 3324 1004 3334 -
1030 3298 1133 3349 dilecto
1158 3299 1256 3349 lumine
1281 3296 1311 3349 0.
1351 3300 1484 3366 perfecto
1507 3299 1604 3349 lumine
1626 3300 1740 3366 e-ng2
1762 3307 1796 3369 (g
1820 3301 1849 3353 in

676 3383 734 3437 mg.
750 3369 848 3421 directo
866 3365 937 3431 quod
958 3380 991 3414 cx
1009 3365 1220 3428 ,‚rnemlsrsois“
1239 3365 1324 3418 effert
1340 3366 1414 3417 Mod.
1433 3364 1465 3416 N.
1483 3363 1514 3414 Ic.
1534 3382 1559 3430 p.
1578 3366 1634 3430 30).
1658 3394 1691 3404 -
1710 3384 1785 3419 occu

676 3432 1008 3489 iustitutionis.
1045 3434 1167 3486 obduxit
1188 3431 1220 3485 Ιι.
1373 3437 1413 3483 19.
1447 3434 1537 3484 dicens
1556 3449 1609 3483 om.
1632 3432 1664 3484 11.
1689 3461 1716 3472 -
1741 3436 1847 3504 Aspice]

676 3503 744 3555 Aen.
762 3503 805 3567 11,
824 3503 882 3553 604.
901 3528 932 3538 -
951 3500 999 3551 tibi
1013 3515 1067 3551 orn.
1085 3499 1115 3549 0.
1134 3529 1169 3539 -
1187 3501 1355 3569 circumliget
1372 3499 1401 3550 0.
1419 3528 1453 3538 -
1475 3508 1505 3551 et
1521 3502 1613 3551 nudem
1633 3502 1668 3551 H.
1684 3529 1717 3539 -
1739 3505 1848 3569 eripiat

678 3570 711 3621 F.
861 3571 904 3617 20.
945 3568 1052 3617 animos
1076 3568 1158 3618 aciem
1180 3566 1212 3616 F.
1235 3594 1269 3605 -
1299 3570 1380 3619 sciens
1400 3567 1468 3631 (om.
1492 3568 1597 3618 unimus
1618 3568 1691 3634 quod
1712 3586 1749 3633 „s
1772 3571 1847 3621 libro

674 3634 769 3689 bono“
787 3632 913 3684 additum
931 3631 993 3682 vult
1009 3632 1107 3683 Bestlr.
1127 3634 1145 3684 l.
1163 3639 1201 3693 c.)
1220 3633 1315 3699 icshg.
1333 3661 1368 3673 -
1385 3635 1499 3685 creditur
1516 3634 1558 3699 (in
1575 3651 1646 3701 ηιμ
1666 3636 1759 3699 „alies
1776 3655 1848 3689 con-

676 3701 784 3765 ditur“)
797 3699 826 3749 h.
841 3726 877 3739 -
891 3700 1011 3765 pervium
1022 3700 1087 3764 fiat
1099 3698 1130 3749 F.
1162 3702 1261 3766 peroio
1274 3703 1308 3751 sit
1322 3706 1397 3765 (sup.
1412 3705 1469 3759 um)
1488 3700 1518 3751 0.
1536 3728 1570 3739 -
1589 3720 1606 3752 a
1620 3719 1680 3754 osso
1698 3720 1752 3753 orn.
1766 3704 1797 3755 0.
1817 3732 1846 3743 -

677 3768 815 3821 οδωίιιιπι
832 3764 930 3815 Bere-lo
950 3765 1005 3824 (Rl
1024 3766 1079 3815 dol.
1100 3767 1133 3826 c).
1168 3768 1302 3818 intuitum
1320 3766 1390 3817 Burs.
1412 3795 1445 3805 —
1461 3769 1602 3821 deuectum
1620 3778 1658 3823 cst
1676 3770 1699 3820 F
1701 3771 1849 3827 urarauss

676 3834 762 3887 Tu..
796 3831 846 3896 „iu
865 3831 973 3881 duobus
991 3830 1105 3897 scriptis
1130 3832 1331 3884 vetustissimis
1351 3833 1461 3884 libris.“
1484 3834 1584 3886 Barth.
1604 3838 1622 3887 l.
1643 3854 1666 3889 e.
1702 3840 1849 3904 „optimus

674 3850 969 3955 fldeimemlrrsnac.“
993 3898 1078 3978 Goon.
1113 3899 1262 3953 densatum
1281 3908 1319 3954 est
1339 3900 1647 3970 BCSPBsu.v-gp-er.
1687 3914 1726 3957 est
1742 3907 1847 3959 denso·
1939 3903 1942 3913 '

675 3976 731 4023 lusr
747 3967 798 4020 Rs.
819 3994 848 4007 -
872 3982 1011 4017 crossum
1029 3982 1083 4016 ccc.

744 4034 789 4089 lV.
833 4036 919 4101 Caput
940 4034 989 4085 IV.
1032 4033 1196 4099 Propositum
1217 4050 1263 4085 scu
1283 4051 1376 4102 scopus
1397 4034 1476 4086 leuius
1497 4037 1592 4087 somnii
1615 4037 1674 4103 quis
1695 4038 1738 4089 sit.
1766 4040 1847 4093 clr-lr.

779 4105 804 4155 1.
842 4103 993 4153 iloctotus
1010 4100 1119 4169 igitur
1138 4099 1189 4150 Rl.
1207 4128 1240 4138 -
1261 4103 1403 4170 generibus
1423 4105 1604 4155 somniorum
1621 4104 1736 4156 usuca.
1758 4125 1848 4160 -rc-

670 4174 761 4239 ssrtur
778 4170 905 4223 somnium
924 4169 1056 4237 Scipionis
1072 4167 1104 4217 F.
1124 4168 1289 4219 -ciusdem
1307 4171 1394 4236 ipsum
1410 4169 1461 4219 Re.
1480 4197 1512 4207 -
1531 4173 1667 4238 ipsumque
1680 4176 1848 4240 propositum

674 4257 731 4293 osu.
750 4239 799 4303 „in
817 4254 900 4289 manu
919 4243 1033 4288 exarato
1053 4234 1170 4286 codice“
1188 4235 1287 4287 Barth.
1308 4237 1326 4287 l.
1346 4254 1385 4297 e.;
1410 4237 1458 4286 sed
1480 4236 1534 4288 tuis
1552 4238 1580 4289 io
1600 4239 1734 4291 Gronovii
1753 4242 1846 4306 codd,

675 4307 725 4373 qul
741 4307 851 4358 confert
869 4320 929 4370 esp.
946 4309 972 4366 5,
991 4303 1004 4369 ᾗ
1025 4307 1055 4354 l:
1074 4309 1184 4355 mentem
1203 4305 1423 4370 propositumque.
1445 4329 1474 4364 ὴ-
1496 4307 1578 4371 quod
1599 4307 1693 4357 Gracci
1710 4307 1792 4376 Sv-g.
1810 4336 1847 4350 -

676 4368 813 4434 σκοπὸςδ
833 4378 907 4436 (sup.
925 4372 967 4421 ool
982 4387 1078 4437 scopon
1095 4372 1161 4430 Re).
1201 4370 1370 4422 CROHON
1385 4370 1435 4420 Rl.
1458 4398 1485 4408 -
1510 4375 1658 4438 proesentis
1674 4378 1792 4428 somnii
1810 4378 1847 4428 11.

676 4466 710 4478 -
722 4441 790 4490 sicut
802 4443 870 4498 (orn.
885 4437 954 4496 ium)
970 4438 1039 4489 Burs.
1058 4464 1082 4476 -
1103 4438 1133 4488 in
1142 4436 1286 4505 principio]
1305 4454 1365 4503 cap.
1385 4441 1409 4502 l,
1422 4437 1436 4503 ξ
1448 4442 1474 4487 8.
1509 4441 1538 4490 in
1553 4441 1655 4508 primo
1669 4442 1736 4505 „qni
1753 4451 1848 4495 aetate

677 4510 805 4559 caeteros
824 4509 959 4570 praestet,
971 4504 1026 4556 Μι.
1045 4504 1189 4557 exhibet.“
1207 4504 1304 4568 Gran,
1323 4504 1372 4573 qui
1389 4505 1512 4557 confert:
1532 4508 1560 4558 in
1574 4509 1661 4576 primo
1680 4508 1738 4561 Set.
1757 4511 1847 4577 prosi.

713 4639 754 4689 lt.
793 4638 822 4689 io
850 4636 959 4691 condem
989 4638 1085 4705 locum]
1123 4636 1234 4700 „Locus
1286 4637 1346 4690 Sst.
1363 4638 1412 4692 lib.
1432 4638 1491 4703 vlt,
1511 4656 1534 4689 c.
1552 4644 1577 4702 t,
1596 4638 1656 4703 §83
1676 4656 1698 4690 c.
1719 4644 1745 4704 9,
1765 4640 1779 4706 ξ
1797 4646 1846 4706 113

675 4703 772 4757 literne
788 4705 871 4768 illud,
889 4719 949 4755 suus
973 4706 1167 4757 tractationem
1187 4706 1235 4756 dc·
1287 4722 1310 4756 c.
1331 4710 1376 4768 12,
1396 4706 1409 4771 §
1427 4708 1475 4768 27)
1495 4724 1556 4757 ssrn
1572 4708 1766 4758 commendent
1786 4711 1848 4762 fere

675 4772 780 4890 :iimi’
795 4772 1035 4890 quectpets‘pmlpii
1049 4774 1236 4891 portippuae-
1286 4774 1413 4840 plerique
1435 4774 1558 4890 codidcpls,
1589 4790 1678 4839 neque
1696 4777 1847 4861 retranseo:

677 4854 938 4968 xxirxfliif*
1011 4856 1097 4891 Μ·
1163 4857 1235 4893 ⁹⁰¹⁸·
1287 4843 1745 4961 tlt?tltttatlllr⁰lllltt
1755 4844 1847 4964 llll!

710 4976 754 5024 20.
791 4969 935 5037 deuectum]
975 4969 1122 5021 Rariorem
1162 4972 1235 5024 hene
1289 4982 1396 5028 tantur:
1415 4976 1486 5040 „Est
1503 4977 1645 5030 deuectum
1663 4979 1735 5043 quod
1752 4979 1779 5029 io
1797 4997 1849 5032 sua

675 5039 762 5092 huius
782 5040 861 5091 verbi
885 5039 1003 5090 formem
1027 5038 1129 5103 ubique
1154 5054 1235 5104 proc·
1288 5051 1389 5095 natum
1404 5043 1490 5093 hahet
1505 5044 1726 5110 spissitudinem,
1745 5048 1848 5100 deoso-

676 5107 745 5170 luli,
781 5108 847 5174 quie
868 5106 903 5157 iis
926 5106 996 5157 locis
1021 5122 1090 5170 quos
1117 5106 1235 5172 collegit
1288 5117 1424 5164 tumrsro
1443 5111 1566 5175 qnodab
1585 5111 1791 5178 olioagente.“

675 5174 832 5227 Gronovius
847 5174 890 5239 (lr.
908 5173 957 5224 lib.
973 5190 996 5224 c.
1013 5177 1055 5239 15,
1074 5172 1129 5238 §53
1148 5190 1171 5225 c.
1188 5178 1232 5237 22,
1321 5177 1367 5239 lv,
1388 5181 1411 5228 l.
1443 5179 1590 5243 proesentis
1605 5181 1700 5248 operis]
1719 5182 1737 5233 i.
1757 5198 1781 5234 c.
1799 5181 1846 5235 οἰ-

675 5240 803 5309 §octe
824 5242 905 5312 [adds
921 5241 971 5295 lib.
991 5240 1033 5307 ll,
1056 5257 1080 5294 c.
1103 5246 1134 5312 t,
1156 5240 1170 5307 5
1192 5240 1233 5309 6];
1286 5242 1396 5297 cetenis
1415 5242 1523 5297 Samnii
1541 5244 1691 5313 Scipionis.
