5092 6425
1144 865 1280 934 CAPUT
1302 867 1357 934 lv.
1788 895 1855 939 usn

632 1032 750 1087 torltets
765 1031 847 1088 uleus
866 1038 1014 1102 respuerat
1032 1031 1062 1086 b.
1080 1033 1190 1088 Carrio.
1224 1035 1375 1091 Praeterea
1400 1038 1474 1092 insto
1497 1039 1590 1108 megls
1608 1037 1776 1108 opinabatur
1794 1047 1856 1101 bln-

632 1119 761 1172 crabium
779 1117 916 1172 affectare
931 1120 1097 1172 varietatem
1115 1120 1253 1174 orationis
1271 1127 1300 1175 et
1318 1123 1418 1192 lugere
1434 1124 1586 1192 asyndeta,
1613 1130 1641 1178 et
1658 1144 1691 1179 ex
1710 1129 1856 1187 bis-aliis-

632 1222 688 1273 que
708 1205 853 1259 similibus
879 1205 973 1257 causis
995 1205 1098 1258 multas
1116 1206 1235 1272 protulit
1251 1209 1417 1261 audaciores
1433 1208 1625 1274 coniecturas,
1651 1229 1720 1279 ques
1743 1217 1856 1282 quidcm

632 1309 687 1344 nau
705 1291 779 1358 ipsis
794 1290 944 1358 seripturis
962 1291 1056 1343 verbis
1073 1289 1202 1355 inseruit,
1219 1294 1268 1345 sed
1287 1293 1577 1348 animadversionibus
1594 1297 1665 1365 suis,
1677 1300 1777 1365 quibus
1792 1320 1857 1371 per-

633 1378 725 1430 multa
741 1393 806 1428 eum
825 1392 888 1428 esse
904 1377 993 1443 probe
1011 1375 1225 1443 interpretatum
1246 1395 1300 1430 non
1325 1396 1358 1431 en
1382 1379 1503 1444 inlitias,
1534 1381 1608 1433 sicut
1630 1399 1666 1434 ne
1689 1385 1717 1436 id
1743 1388 1856 1454 quidem

634 1461 871 1531 praetereundum
891 1478 954 1512 esee
972 1468 1054 1528 puto,
1078 1462 1149 1526 quod
1169 1462 1276 1528 primus
1295 1465 1355 1516 lere
1371 1482 1466 1517 ornnes
1484 1469 1549 1531 (non
1568 1483 1678 1534 omnes,
1702 1487 1764 1523 uam
1780 1473 1857 1526 desi-

635 1549 750 1601 deretur
770 1546 879 1598 numtio
901 1546 1024 1598 locorum
1044 1547 1072 1598 iu
1096 1547 1169 1600 libro
1188 1549 1233 1599 lv.
1256 1548 1322 1602 iude
1340 1566 1357 1603 a
1375 1565 1435 1618 cap.
1456 1552 1481 1601 4.
1501 1551 1514 1617 b
1532 1552 1570 1615 9.)
1593 1552 1714 1605 aliorum
1737 1558 1857 1625 scripto-

634 1651 696 1686 rum
715 1635 805 1702 locos,
825 1647 893 1699 quos
909 1631 1006 1698 attigit
1023 1632 1193 1698 Macrobius,
1209 1642 1341 1688 accurate
1356 1636 1501 1699 iudicavit,
1517 1642 1546 1687 et
1562 1636 1671 1689 eddidit
1683 1638 1858 1709 Corrigenda

634 1719 739 1785 quibus
767 1718 932 1771 emendaret
958 1717 1131 1784 typographi
1154 1725 1257 1773 errata.
1299 1721 1378 1772 Haeo
1406 1721 1561 1789 diligenter
1585 1729 1712 1776 correcta
1738 1731 1802 1779 sunt
1827 1726 1857 1780 in

635 1805 762 1856 editione
785 1800 971 1869 Bipontina
999 1817 1070 1868 qaae
1095 1803 1201 1870 prodiit
1226 1821 1251 1855 ιι.
1278 1804 1544 1872 ΜΒΟΟΒΧΧΧΙΙΙ.,
1574 1811 1606 1859 ut
1631 1808 1721 1861 refert
1748 1810 1857 1880 Mahal,

636 1906 706 1941 cara
724 1888 855 1941 orutttt
874 1893 903 1941 et
920 1887 1054 1953 artari,
1072 1889 1120 1954 qni
1139 1891 1261 1956 receptis
1280 1890 1423 1957 plerisque
1438 1891 1537 1944 Zeuuii
1554 1892 1729 1960 aliorumque
1747 1896 1857 1949 coniec-

635 1975 723 2038 turis,
748 1974 794 2026 vel
816 1972 854 2025 iis
880 1988 952 2039 quae
972 1980 1103 2039 excerpta
1127 1973 1324 2027 ecolouieusi
1344 1975 1398 2026 Ill.
1421 1975 1449 2027 in
1473 1976 1613 2029 Zenniaua
1640 1978 1774 2048 leguntur
1797 1983 1857 2034 edi·

636 2057 729 2125 tione,
756 2058 821 2126 ipsa
840 2059 928 2110 rerba
951 2057 1099 2125 scriptoris
1119 2076 1173 2111 non
1190 2075 1253 2112 raro
1271 2061 1300 2111 in
1318 2060 1398 2127 peius
1422 2067 1613 2129 mutarerunt,
1638 2065 1858 2134 necquidquam

637 2144 808 2196 addiderunt
828 2159 883 2209 quo
904 2143 994 2195 lectar
1015 2149 1175 2196 moueretur
1199 2145 1233 2195 de
1258 2146 1376 2198 mutatis
1400 2146 1549 2214 scriptoris
1571 2148 1667 2201 verbis
1687 2157 1736 2201 ant
1760 2151 1794 2203 de
1820 2151 1858 2203 iis

638 2245 713 2296 quae
740 2227 847 2280 eddidit
868 2228 1075 2296 transposuitve
1100 2228 1260 2282 Pantanuse
1293 2248 1356 2283 narn
1384 2231 1459 2283 omni
1485 2232 1667 2284 adnotatione
1689 2239 1767 2285 caret
1786 2235 1859 2288 heae

641 2314 750 2379 editio,
777 2314 805 2366 in
820 2328 874 2380 qna
888 2312 963 2365 nibil
977 2313 1119 2366 invenitur
1137 2315 1201 2366 novi
1219 2313 1275 2366 uisi
1298 2315 1403 2380 „ludex
1422 2316 1576 2368 editionum
1594 2317 1731 2368 Macrobii
1750 2318 1861 2372 auctior

641 2398 958 2462 Fabricio-Ernestinu,
975 2398 1059 2466 inque
1077 2400 1127 2453 111.
1145 2406 1252 2453 aetates
1267 2398 1427 2467 digestus·“
1462 2402 1555 2468 Quum
1575 2418 1641 2453 sero
1660 2402 1732 2454 haec
1750 2405 1811 2456 sola
1828 2405 1859 2458 iu

641 2487 796 2538 multorum
812 2483 922 2536 venerit
939 2501 1052 2550 manue,
1073 2484 1167 2538 evenit
1184 2491 1215 2538 ut
1232 2502 1314 2537 nemo
1330 2486 1391 2536 iere
1407 2484 1550 2554 intelliget
1566 2493 1672 2538 tentum
1692 2489 1806 2555 abesse,
1829 2496 1861 2544 ut

639 2569 705 2639 post
729 2571 879 2622 editionem
903 2569 1174 2637 Stephanionem
1202 2588 1289 2638 opera
1315 2571 1451 2622 Macrobii
1477 2571 1668 2625 emendatiore
1694 2574 1859 2642 prodierint,

640 2663 672 2708 ut
688 2673 706 2708 e
723 2655 849 2709 Pontauo
863 2655 1034 2723 interpolata
1051 2663 1079 2709 et
1098 2659 1133 2710 ab
1150 2657 1306 2709 editoribus
1323 2656 1482 2724 Bipontinis
1498 2657 1684 2710 multifariam
1701 2659 1862 2716 adulterata

639 2758 713 2794 nuuc
736 2742 875 2793 ferantur.
911 2739 978 2793 Nam
1006 2744 1124 2809 posthac
1148 2744 1240 2795 editus
1264 2751 1383 2796 nonest
1407 2743 1581 2809 Macrobius,
1606 2741 1662 2795 nisi
1687 2746 1760 2810 quod
1786 2763 1860 2801 anno

639 2826 847 2879 Mucccxuv.
869 2826 914 2879 bis
936 2825 964 2879 in
990 2827 1116 2897 linguam
1139 2829 1280 2882 Gallicam
1306 2835 1350 2883 est
1371 2829 1541 2894 translatae,
1563 2828 1665 2894 quibus
1684 2829 1861 2885 versionibus

640 2913 738 2966 addita
762 2918 828 2964 sunt
848 2911 964 2982 Latina,
989 2915 1073 2966 elteri
1097 2917 1180 2982 (qaue
1202 2921 1245 2968 est
1268 2915 1297 2966 in
1315 2913 1487 2967 collectione
1505 2913 1679 2980 Scriptorum
1697 2912 1861 2970 Latinorum

640 2997 798 3062 Nisardi)
825 3014 860 3049 ex
884 2999 1007 3052 editione
1028 3000 1194 3069 Bipmtina,
1222 2999 1307 3052 alteri
1331 3002 1415 3066 (quae
1437 3006 1481 3051 est
1503 2999 1531 3050 iu
1555 2998 1737 3051 Bibliotheca
1760 2999 1862 3055 Latina
1908 3023 1911 3028 ·

640 3100 725 3151 quam
741 3086 825 3134 curet
841 3082 871 3134 C.
889 3082 921 3133 b.
938 3082 968 3136 F.
986 3085 1223 3166 Pauekqnche)
1250 3101 1284 3137 ex
1307 3085 1430 3137 editione
1451 3083 1597 3136 Patavina.
1633 3083 1682 3134 llli
1705 3087 1863 3151 praemisse

642 3176 686 3224 cst
706 3168 904 3223 commentatio
922 3185 1006 3237 quem
1025 3170 1142 3224 blubnl
1160 3173 1201 3225 ¹⁸l
1221 3177 1417 3238 composuerat
1434 3185 1506 3224 anno
1523 3167 1749 3234 Mucccxvtt„
1771 3172 1863 3227 ioedis

642 3257 752 3310 mendis
767 3257 936 3323 depravate,
964 3256 1031 3309 huic
1048 3256 1133 3309 alteri
1152 3257 1275 3309 laciniae
1292 3257 1427 3324 quaedum
1447 3272 1481 3307 ex
1498 3256 1550 3308 ille
1567 3255 1800 3307 commentatione
1814 3258 1864 3308 ds-

644 3349 759 3411 cerptae
777 3359 840 3394 eum
853 3342 912 3393 alia
927 3342 1046 3407 quedam
1061 3342 1205 3410 farragine
1220 3341 1337 3393 mixtner
1356 3340 1499 3392 subiectae
1515 3344 1580 3392 suut
1595 3339 1706 3402 utrique
1725 3339 1864 3395 levissimi

645 3428 760 3496 generis
777 3424 981 3479 adnotationes.
1015 3426 1120 3479 Melius
1139 3426 1265 3493 proiecto
1283 3427 1440 3477 consultum
1461 3430 1536 3476 esset
1554 3422 1712 3486 Macrobio,
1730 3424 1755 3476 si
1775 3425 1866 3478 couti-

646 3514 751 3582 gisset,
776 3517 807 3565 ut
827 3511 860 3562 F.
879 3511 962 3579 Aug.
980 3511 1165 3564 Ernestius
1187 3517 1388 3578 exsequeretur
1406 3509 1554 3562 consilinm
1575 3507 1635 3559 eius
1652 3524 1736 3574 opere
1754 3511 1866 3578 edendi,

645 3598 720 3665 qnod
742 3596 891 3664 quominus
918 3596 999 3650 lieret
1022 3596 1204 3665 impedirisse
1234 3595 1407 3649 incurrentia
1431 3612 1515 3663 saepe
1540 3592 1654 3661 negotia
1683 3595 1741 3649 alia
1768 3599 1867 3653 retulit

646 3684 709 3753 ipse
726 3686 779 3750 ¹⁹).
812 3681 908 3749 Nuper
931 3684 965 3734 de
983 3682 1198 3735 Commentariis
1217 3682 1244 3734 iu
1264 3681 1408 3734 Somnium
1423 3680 1565 3748 Scipionis
1583 3681 1764 3734 emendandis
1787 3684 1867 3753 cogi·

646 3768 1115 3825 taveruntFrideriaasOaann
1123 3786 1159 3820 us
1171 3768 1213 3833 ²⁰)
1227 3767 1270 3819 nir
1282 3768 1541 3834 praestantissimus
1555 3770 1583 3817 et
1591 3765 1622 3817 V.
1633 3765 1665 3817 D.
1676 3768 1866 3835 Halaepiel

645 3854 852 3919 Berolinensis,
865 3855 913 3906 sed
933 3871 994 3906 curu
1012 3869 1029 3906 a
1045 3871 1090 3906 me
1105 3855 1179 3906 hanc
1195 3853 1368 3922 provinciam
1386 3854 1530 3906 audissent
1542 3858 1717 3921 occupatam,
1729 3870 1799 3919 opus
1811 3854 1866 3906 iane

646 3942 815 3996 inchoatam
831 3938 1020 4005 reliquerunt,
1051 3944 1080 3992 et
1103 3955 1213 3992 summe
1233 3956 1295 3991 cum
1315 3939 1491 3994 liberalitate
1512 3955 1621 3991 mecum
1644 3938 1867 3991 communicare·

721 4150 763 4215 Ν)
790 4148 964 4200 Dissertation
987 4148 1143 4216 historiques,
1170 4150 1299 4202 litteraire
1320 4157 1345 4201 et
1364 4147 1593 4218 bibliograpbique
1615 4161 1661 4195 sur
1684 4146 1712 4195 la
1729 4145 1772 4195 uie
1789 4153 1815 4197 et
1832 4146 1869 4197 les

650 4234 784 4286 ouvrages
799 4232 852 4283 pas·
869 4217 1032 4283 Atpbonse
1048 4216 1175 4280 Mabul,
1201 4234 1272 4282 quae
1296 4216 1401 4283 prodiit
1416 4233 1487 4268 anno
1506 4210 1715 4264 MDCCCXVII.
1749 4211 1870 4263 Parisiis

650 4294 680 4338 et
697 4284 850 4351 separatim
869 4284 945 4335 edita
967 4285 1040 4350 apud
1064 4282 1285 4351 Leuormant,
1308 4292 1336 4335 et
1353 4284 1472 4334 Annales
1488 4280 1731 4347 Encpclopddiqaes
1748 4281 1871 4348 redigdse

671 4370 704 4404 ar
722 4356 753 4404 A.
774 4352 804 4402 11.
826 4352 956 4413 Miltia,
983 4352 1148 4418 Septembre
1170 4370 1196 4419 p.
1211 4356 1243 4403 21
1264 4369 1323 4418 sqq.
1347 4359 1375 4401 et
1395 4349 1515 4402 [rondini
1537 4349 1668 4401 Classical
1685 4348 1799 4398 Journal
1814 4348 1871 4400 vol.

650 4371 729 4478 iux.
744 4436 769 4485 p.
787 4422 838 4469 105
852 4435 925 4485 sqq.;
943 4420 998 4471 vol.
1018 4419 1091 4471 11111.
1111 4438 1135 4486 p.
1154 4424 1185 4469 81
1201 4436 1275 4486 sqq.;
1293 4421 1350 4471 vol·
1368 4417 1455 4469 111111.
1479 4436 1504 4485 p.
1517 4421 1549 4469 51
1564 4433 1623 4483 sqq.
1644 4404 1749 4482 ln'qua
1767 4415 1871 4467 disser-

652 4487 760 4539 tatione
778 4486 867 4539 multe
886 4487 998 4553 quidem
1018 4488 1151 4553 leguntur
1172 4494 1307 4555 congesta
1329 4488 1363 4537 de
1381 4486 1440 4538 rita
1457 4486 1644 4553 operibusque
1657 4483 1804 4551 Macrobii,
1822 4484 1871 4536 sed

651 4555 694 4607 ita
714 4558 745 4606 ut
767 4553 858 4605 critici
877 4554 1013 4605 iudicium
1035 4556 1203 4619 requiratur.
1238 4554 1333 4621 Nuper
1349 4554 1437 4605 nullis
1455 4552 1654 4604 additamentis
1672 4559 1755 4602 aucta
1774 4553 1872 4617 (immo

650 4626 765 4689 dempto
789 4620 928 4691 catalogo
952 4622 1106 4674 editionum
1131 4622 1268 4674 Macrobii
1295 4638 1375 4689 quern
1400 4628 1499 4673 auctor
1522 4626 1663 4685 sumptum
1690 4636 1724 4670 ea
1750 4619 1873 4671 editione

651 4690 807 4759 Bipontina
830 4690 1004 4743 instruxerat
1025 4690 1253 4743 adnotationibus
1275 4690 1349 4741 hand
1374 4688 1551 4755 spernendis)
1575 4686 1716 4752 descripte
1739 4694 1783 4738 cst
1801 4687 1874 4739 haec

612 4770 617 4778 “
652 4757 818 4812 dissertatio
836 4764 892 4809 tarn
914 4759 1101 4827 negligenter,
1118 4764 1149 4809 ut
1166 4759 1239 4810 idom
1256 4758 1340 4809 home
1358 4758 1438 4808 modo
1456 4765 1573 4808 vocetur
1595 4757 1621 4807 C.
1645 4755 1773 4806 Bartlsiae
1791 4756 1874 4808 mado

656 4827 771 4893 Orartb,
794 4828 823 4876 et
839 4826 952 4879 additae
970 4827 1165 4894 inscriptiones
1183 4826 1395 4878 incredibilibus
1413 4829 1539 4876 scateant
1556 4821 1673 4875 mendis.

724 4896 767 4960 ll)
792 4893 871 4945 (loni.
894 4894 1019 4946 Fabricii
1045 4894 1223 4945 Bibliotheca
1245 4892 1345 4945 Latina
1370 4899 1435 4945 tom.
1453 4893 1505 4943 111.
1529 4909 1554 4958 p.
1581 4887 1653 4941 litas
1683 4886 1770 4950 „Fuit
1793 4889 1875 4941 nobis

653 4962 794 5029 quandem
811 4962 840 5013 in
857 4962 951 5014 auimo
969 4963 1105 5014 Macrobii
1121 4962 1273 5014 editionem
1290 4976 1388 5014 novam
1405 4975 1514 5027 parare,
1530 4959 1645 5024 eiusque
1662 4956 1774 5007 consilii
1790 4973 1875 5008 cansa

654 5046 790 5098 magnum
808 5046 954 5081 numerum
971 5029 1125 5082 editionum
1141 5038 1265 5082 veterum
1282 5029 1462 5095 collegimus.
1496 5027 1551 5078 Sed
1569 5024 1717 5077 consilium
1736 5024 1770 5074 ed
1790 5024 1876 5075 effec-

655 5106 714 5151 tum
726 5097 895 5229 ’poqrd‘qfcergr¹
904 5098 1183 5217 inqurlrfntiacsaepe
1202 5096 1316 5215 negot‘i'a
1334 5097 1393 5149 alie
1408 5092 1866 5223 et'lqbnrqsbuonuqlis'qqqqffignu

833 5202 840 5217 .
898 5203 904 5217 .
961 5183 979 5217 u
1018 5183 1044 5218 ιι
1098 5182 1256 5217 rcerunrs
1303 5182 1377 5216 ere
1405 5180 1440 5230 pu
1474 5178 1517 5213 ren
1556 5178 1634 5213 rror
1868 5191 1875 5206 .

656 5234 777 5284 Recens.
808 5235 836 5283 et
866 5233 1046 5286 annotatione
1078 5234 1179 5286 critica
1212 5232 1346 5285 iustruxit
1375 5230 1467 5283 uria.
1501 5229 1670 5282 Osanuus·
1724 5222 1876 5290 Gottingae

657 5298 892 5353 Mucccxavn.
926 5300 1050 5356 Praelat.
1069 5319 1095 5369 p.
1115 5319 1165 5355 vn.
