5092 6425
661 951 913 1018 nubtum
932 949 1020 1020 SOG.
1039 951 1408 1031 Gu.uuT.Q.VER131.
1452 953 1541 1019 hPP.
1564 953 1727 1022 SUBSCR.
1770 956 1833 1020 277

663 1123 745 1174 verba
767 1122 795 1173 Ω
812 1122 972 1175 naturaliter
986 1122 1114 1190 producto
1133 1121 1270 1174 terminari
1288 1124 1441 1188 contendat,
1463 1123 1592 1192 borytona
1609 1141 1670 1178 nero
1688 1141 1788 1193 semper
1808 1126 1834 1179 0

660 1192 821 1242 naturaliter
837 1198 962 1258 correpto,
981 1190 1068 1241 omnia
1090 1191 1249 1241 Graecorum
1265 1193 1345 1242 oerha
1362 1208 1417 1242 una
1433 1193 1575 1261 eademque
1592 1194 1679 1257 litera,
1701 1195 1833 1260 prodacta

660 1259 761 1310 scilicet
783 1258 822 1326 il,
843 1258 1002 1310 Theodosius
1022 1256 1057 1322 [c.
1079 1261 1126 1321 lb,
1143 1258 1156 1322 5
1176 1258 1228 1324 la]
1240 1259 1320 1324 finiri
1335 1261 1495 1325 pronuntiet·
1533 1261 1598 1311 Inde
1609 1264 1660 1326 fit,
1678 1269 1708 1313 at
1727 1262 1831 1312 itteram

653 1329 739 1392 finem
764 1334 885 1377 occentus
908 1325 1056 1389 discernat,
1091 1342 1144 1376 nnn
1163 1332 1274 1392 tempus.
1314 1328 1424 1377 l'idetur
1460 1344 1544 1394 unque
1561 1329 1630 1380 idem
1648 1328 1729 1394 [ibid.
1746 1330 1759 1393 i
1779 1329 1830 1395 19.]

659 1395 742 1445 simili
756 1395 858 1444 rationo
874 1394 952 1453 nelle,
973 1400 1131 1444 nontamen
1151 1395 1302 1458 affirmare,
1327 1394 1416 1444 omnia
1436 1344 1591 1447 iatinorum
1612 1398 1691 1448 uerba
1708 1398 1831 1448 rationa-

661 1462 740 1513 bilius
758 1462 898 1512 secundum
921 1460 1051 1511 Graecam
1062 1464 1180 1526 sormam
1204 1461 1372 1528 Oprodacto
1388 1463 1508 1513 concludi
1525 1480 1605 1530 quam
1622 1472 1751 1532 correpto,
1772 1481 1831 1516 cum

659 1530 735 1580 iusta
752 1545 837 1595 paene
854 1545 941 1580 omnes
960 1529 1113 1579 dichronum
1133 1529 1177 1580 cit.
1216 1528 1306 1579 Prima
1324 1529 1410 1597 igitur
1428 1530 1525 1596 species
1549 1532 1577 1582 in
1596 1532 1680 1584 tribus
1697 1535 1830 1600 coningo-

658 1597 773 1649 tionibus
790 1597 959 1647 concludatur
978 1599 1022 1659 ⁴),
1040 1597 1067 1646 in
1086 1596 1180 1663 quibus
1195 1595 1375 1661 circumflexus
1389 1597 1510 1649 ultimam
1526 1605 1660 1664 iamqrram
1675 1608 1831 1668 perpetuam

659 1664 777 1732 possidet
795 1664 890 1715 sedem.
929 1663 1053 1714 Secunda
1072 1679 1133 1714 aero
1158 1677 1204 1715 sec
1226 1663 1268 1714 ael
1286 1671 1383 1730 septem
1402 1665 1506 1717 uidetur
1525 1667 1731 1733 conprehendere
1750 1684 1828 1733 syzy-

658 1734 732 1801 gias,
752 1748 863 1799 quarum
878 1731 1060 1798 paenultimos
1077 1730 1159 1799 graui
1180 1740 1289 1784 accentu
1306 1749 1359 1782 non
1378 1733 1500 1785 dubitant
1516 1735 1677 1786 naturaliter
1694 1751 1749 1786 esse
1765 1752 1829 1801 pos-

658 1816 751 1851 sessos.
789 1798 905 1863 Quorum
922 1799 1038 1850 omnium
1054 1800 1164 1879 regulas
1181 1799 1257 1851 modo
1271 1800 1419 1868 generales
1428 1802 1505 1853 modo
1520 1801 1655 1869 speciales,
1673 1808 1830 1853 nontamen

656 1869 748 1935 plene,
764 1866 896 1917 aeneadae
915 1881 969 1918 esse
986 1867 1162 1932 promisimus.
1199 1867 1230 1917 ln
1249 1884 1302 1934 quo
1319 1875 1406 1919 tamen
1423 1869 1594 1936 promissione
1610 1870 1729 1922 lectorem
1747 1885 1828 1936 prae-

658 1950 860 2052 'titutum
875 1933 1162 2069 thirtuttttztttt
1175 1935 1776 2072 tttttu⁶”ltttstt“ttttttt't⁵tftt
1792 1936 1829 2054 ii

659 2069 721 2120 belli
737 2070 853 2131 utilitas,
877 2069 901 2120 si
918 2069 1087 2134 aliquantula
1104 2070 1208 2136 quidem
1227 2077 1280 2135 est,
1304 2040 1433 2121 cierentur.
1469 2071 1539 2122 Hine
1557 2073 1611 2124 iarn
1627 2079 1743 2123 tractore
1760 2072 1827 2121 inei-

657 2137 768 2204 pientes,
784 2138 869 2203 primo
887 2137 919 2187 de
933 2137 991 2204 peri
1023 2139 1120 2188 amenis
1138 2138 1262 2197 dicamne,
1280 2155 1389 2204 quorum
1405 2138 1493 2205 primo
1512 2138 1539 2189 il
1552 2139 1709 2205 productum
1723 2139 1828 2206 primae

657 2219 786 2271 personne
807 2205 836 2255 iu
859 2202 933 2254 ΕΙΣ
953 2153 1147 2273 σιμῖιιοοςω
1171 2213 1323 2257 conuertens
1345 2205 1591 2273 secundom,sffieit
1610 2222 1764 2273 personans,
1798 2213 1828 2256 at

659 2270 729 2337 φιλῶ
745 2272 843 2338 φιλεῖς,
865 2272 924 2338 ipsa
940 2279 1028 2323 autem
1047 2273 1163 2324 secunda
1181 2269 1262 2337 σίγμα
1281 2273 1384 2324 sublato
1402 2273 1506 2325 tertiam
1523 2274 1629 2343 giguit,
1651 2274 1732 2341 φιλεῖ.
1769 2274 1826 2324 Νο-

657 2339 828 2406 laudumque,
846 2339 915 2406 quod
935 2357 1022 2390 omnes
1035 2356 1162 2407 personae
1178 2340 1331 2408 singulares
1348 2341 1377 2391 in
1393 2341 1442 2392 hae
1460 2342 1655 2411 coniugatione,
1673 2341 1741 2396 sicut
1757 2348 1781 2392 ct
1799 2342 1826 2390 in

657 2406 722 2457 aliis
740 2407 843 2457 duabus
861 2407 977 2458 eiusdem
992 2408 1102 2475 speciei,
1138 2415 1163 2460 et
1180 2409 1317 2474 neutralem
1336 2409 1497 2473 syllabarum
1520 2425 1656 2461 numerurm
1677 2416 1783 2462 teneant
1803 2416 1827 2460 et

611 2510 614 2515 -
657 2473 849 2539 circumflexum
867 2490 967 2541 semper
984 2475 1012 2527 in
1029 2476 1123 2528 ultima
1142 2476 1300 2528 custodiant.
1339 2476 1428 2527 Prima
1452 2477 1532 2527 etiam
1553 2476 1669 2545 pluralis
1692 2494 1709 2528 a
1730 2477 1827 2543 singa-

659 2542 714 2592 lari
735 2543 824 2608 prima
846 2544 997 2611 egreditur,
1033 2559 1155 2595 conuerso
1177 2547 1204 2602 λ)
1232 2545 1329 2595 seilicet
1361 2543 1388 2594 il
1408 2544 1435 2594 in
1461 2542 1517 2594 ΟΥ
1535 2545 1728 2613 diphthongum
1754 2552 1778 2594 et
1799 2548 1827 2602 υ“)

658 2609 764 2661 adiecta
782 2610 885 2675 syllaba
904 2610 1010 2679 ΜΕΝ,
1027 2609 1098 2677 φιλοῖ
1117 2610 1262 2678 φιλοῦμεν·
1294 2612 1540 2678 secunda-pluralis
1556 2630 1574 2664 a
1591 2613 1670 2665 tertia
1691 2610 1828 2679 singulari

658 2677 756 2730 addito
783 2676 848 2743 ΤΕ,
886 2676 959 2744 φιλεῖ
998 2679 1089 2729 cheles·
1128 2678 1208 2731 tertia
1229 2695 1290 2730 aero
1309 2678 1425 2746 pluralis
1444 2697 1462 2730 ιι
1481 2681 1570 2747 prima
1590 2681 1705 2732 ciusdem
1725 2678 1828 2730 numeri

657 2747 776 2798 noscitur
797 2753 901 2798 mutata
925 2746 961 2797 M
988 2747 1020 2798 N
1035 2746 1063 2797 in
1090 2746 1147 2812 ΣΙ,
1183 2745 1315 2813 φιλοῦμεν
1338 2746 1447 2813 φιλοῦσι
1469 2751 1507 2809 ²).
1545 2747 1590 2799 Sic
1612 2749 1698 2829 igitur
1721 2747 1827 2806 uerbum

656 2814 771 2865 activum
786 2814 934 2880 praesentis
951 2814 1074 2881 temporie
1089 2814 1228 2865 indicativi
1247 2816 1275 2875 ⁸)
1293 2816 1365 2866 modi
1379 2817 1483 2882 primae
1500 2816 1698 2884 coniugationie
1715 2815 1827 2865 circum-

650 2881 808 2946 fleeibilium
820 2883 953 2945 flectitur,
976 2881 1045 2948 φιλῶ
1063 2875 1150 2949 ’φιλεῖς
1165 2881 1251 2949 φιλεῖ,
1267 2883 1410 2949 pluraliter
1426 2883 1558 2950 melocineo
1575 2883 1676 2950 φιλεῖτε
1693 2881 1827 2949 φιλοῦσιν.

659 2947 765 2998 Passiai
783 2954 884 3014 quodue
900 2952 1007 3016 generis
1022 2951 1110 3017 prima
1125 2966 1238 3016 persona
1254 2951 1403 3020 singularis
1424 2953 1457 3002 ah
1478 2953 1567 3002 aetina
1586 2952 1675 3018 prima
1692 2949 1828 3018 singulari

649 3016 688 3080 fit
705 3030 826 3065 conuerso
847 3015 874 3065 Ω
890 3015 919 3066 in
939 3014 1032 3068 OYet
1048 3017 1189 3083 adsumpto
1205 3017 1292 3079 Mul,
1325 3017 1395 3084 φιλοῖ
1414 3017 1559 3082 φιλοῦμαιι
1594 3018 1709 3069 secunda
1726 3032 1827 3083 semper

656 3081 742 3133 minor
759 3097 815 3131 una
830 3082 942 3148 cylicia,
960 3099 1039 3149 quam
1054 3083 1151 3149 prima,
1167 3084 1308 3146 invonitur,
1326 3085 1389 3134 etin
1407 3099 1462 3150 ητα
1477 3085 1582 3145 desinit,
1599 3083 1730 3151 φιλοῦμαι
1747 3083 1828 3149 φιλῆε

657 3150 737 3207 tertio
759 3165 819 3199 aero
836 3150 957 3217 aprima
979 3150 1094 3201 eiusdem
1110 3150 1215 3218 generis
1233 3158 1334 3201 mutato
1357 3150 1435 3202 Min
1456 3150 1483 3201 T
1501 3158 1526 3202 et
1544 3150 1708 3219 diphthongo
1728 3149 1783 3201 ΟΥ
1798 3151 1825 3200 in

659 3216 705 3268 EI
722 3217 915 3286 diphthongum
938 3234 1077 3282 conuerso,
1110 3215 1242 3283 φιλοῦμαι
1266 3219 1399 3284 φιλεῖται,
1431 3234 1582 3285 semperque
1598 3220 1686 3285 prima
1703 3225 1728 3269 et
1746 3218 1825 3268 tertie

656 3285 862 3353 aequuoylloboe
878 3287 960 3351 fiunt.
999 3285 1090 3338 Prima
1107 3301 1223 3366 personia
1249 3286 1364 3352 pluralis
1385 3287 1508 3351 aprima
1531 3286 1634 3354 plurali
1657 3286 1745 3336 aetina
1775 3284 1825 3334 ab·

656 3353 725 3405 iecto
745 3358 773 3413 θ)
794 3352 827 3403 Ν
843 3361 869 3405 et
886 3354 982 3407 addita
1003 3351 1051 3406 ΘΑ
1068 3353 1163 3420 absquo
1174 3355 1224 3420 fit,
1241 3352 1373 3419 φιλοῦμεν
1390 3348 1559 3420 φιλοῦμεθαι
1579 3354 1695 3404 secanda
1710 3352 1826 3418 pluralis

657 3422 847 3473 aetinamouet
860 3419 913 3471 ταῦ
932 3422 1041 3472 ultimae
1054 3436 1120 3473 suae
1136 3420 1165 3471 in
1183 3419 1264 3486 σίγμα
1282 3427 1306 3472 et
1323 3420 1411 3487 trica,
1419 3423 1508 3487 fitque
1526 3421 1636 3487 passion
1660 3420 1761 3485 φιλεῖτε
1781 3436 1825 3484 φι-

656 3489 764 3541 helois.-
795 3489 874 3541 tertia
890 3489 1006 3555 pluralis
1027 3505 1045 3540 a
1062 3488 1141 3541 tertia
1158 3488 1294 3556 singulari
1309 3488 1420 3555 passivo
1437 3488 1521 3539 oritur
1541 3489 1635 3540 addito
1653 3487 1686 3538 N
1694 3488 1736 3538 ad
1759 3488 1785 3537 Τ
1802 3494 1827 3538 ιι

655 3557 821 3624 paenultima
839 3557 941 3623 primae
957 3572 1085 3625 personae
1102 3555 1250 3623 singularis
1265 3564 1386 3614 seruata,
1410 3554 1530 3622 φιλεῖται
1549 3555 1702 3624 φιλοῦνται
1738 3554 1828 3620 igitar

654 3625 758 3691 passivi
778 3625 850 3675 aerbi
866 3625 1008 3676 declinatio
1026 3626 1063 3676 sin
1082 3631 1134 3676 oet.-
1165 3622 1299 3691 φιλοῦμαι
1319 3623 1385 3689 φιλῦ
1405 3624 1538 3690 φιλεῖται,
1569 3623 1711 3692 pluraliter
1732 3615 1827 3687 φιλοῦ-

655 3692 732 3755 nsua
750 3692 874 3757 ptirialis
890 3692 1042 3759 φιλοῦνται.
1064 3716 1096 3730 -
1119 3694 1146 3752 ¹)
1166 3691 1214 3743 Sic
1231 3691 1339 3758 legitur
1361 3695 1389 3741 ιιι
1407 3692 1537 3744 amnibus
1555 3689 1742 3753 editionibus,
1774 3705 1826 3739 nec

656 3759 806 3826 quidquam
826 3768 967 3812 enotatusu
985 3768 1029 3812 ost
1045 3776 1060 3811 e
1078 3760 1183 3811 codice.
1218 3759 1248 3810 ln
1269 3765 1400 3826 corrupto
1418 3757 1469 3810 illa
1486 3751 1627 3826 ἠρησννην
1643 3757 1709 3825 quid
1729 3759 1825 3820 latent,

657 3827 747 3908 [atuor
765 3844 809 3880 sao
828 3829 950 3880 nescies:
986 3825 1155 3895 permanead,
1185 3823 1210 3878 si
1226 3827 1261 3878 nd
1281 3826 1377 3879 liturus
1394 3832 1567 3909 suscepimus,
1598 3827 1755 3908 proximum
1774 3831 1826 3887 est,

657 3889 1827 4031 rrumcnutuunuuuuenun‘uznrntunuuun

657 4031 762 4081 annalis
778 4032 814 4082 ub
832 4047 896 4088 oca,
929 4033 1059 4099 quonium
1078 4029 1240 4098 Hesychius
1259 4025 1402 4093 οἰκίζεσθαι
1420 4031 1480 4092 (rol
1497 4024 1668 4093 οῖκιιιζεσθαι)
1687 4028 1826 4092 interpro-

658 4103 734 4149 susus
759 4098 842 4150 oseba
864 4092 1022 4162 ὀξύνεσθαι.
1045 4126 1077 4137 -
1101 4103 1130 4158 ²)
1148 4098 1390 4164 Praepositinnem
1411 4099 1501 4149 altero
1527 4097 1588 4146 loco
1608 4096 1635 4146 iu
1655 4095 1826 4147 editionibus

657 4164 789 4217 omissum
807 4166 921 4217 restitui
940 4183 955 4216 o
974 4165 1078 4218 codice.
1097 4191 1130 4203 -
1156 4168 1183 4225 Ι)
1201 4164 1301 4216 Vocem
1322 4166 1434 4218 alterans
1451 4178 1523 4230 quaa
1541 4164 1622 4214 abest
1639 4164 1675 4214 ab
1694 4162 1826 4214 aditioni-

657 4232 711 4285 bus
729 4231 825 4284 uddidi
843 4249 876 4285 ex
894 4234 1000 4284 eadem.
1025 4261 1060 4273 —
1087 4236 1117 4292 ⁴)
1137 4233 1315 4284 concludetur
1333 4231 1410 4301 ptr-b.
1434 4255 1469 4272 ·-
1499 4234 1527 4290 δ)
1546 4247 1676 4282 conuersa
1693 4230 1764 4281 Edi.
1793 4258 1824 4266 -

660 4302 688 4359 0)
707 4306 732 4352 et
751 4314 807 4351 asu·
825 4299 910 4352 dan.
928 4326 964 4341 -·
981 4304 1010 4359 7)
1027 4316 1065 4365 με
1083 4300 1110 4351 in
1128 4312 1173 4364 σι,
1198 4300 1346 4368 φιλοῦμεν,
1364 4298 1499 4368 admon
1517 4298 1562 4364 pd.
1603 4292 1652 4362 plu
1665 4299 1697 4350 ‘in
1715 4310 1760 4363 σι,
1780 4315 1825 4363 φι-

656 4364 773 4433 hainen,
845 4367 931 4419 οιῖσιν
953 4368 1021 4418 nbl'.
1058 4368 1092 4419 ht
1115 4367 1283 4418 antecedens
1307 4371 1412 4422 mame
1427 4363 1556 4433 flagitat,
1583 4373 1749 4433 utponatur
1768 4372 1826 4415 tnta

658 4433 771 4500 syllaba
824 4427 895 4500 ΕΝ,
915 4439 943 4486 st
962 4435 1021 4503 ΣΙ,
1040 4441 1069 4487 ιιι
1085 4434 1225 4486 scribatur
1243 4434 1372 4501 φιλοῦσι.
1407 4430 1451 4485 (ll.
1468 4449 1554 4498 supra
1572 4449 1595 4485 c.
1613 4436 1655 4498 14,
1670 4434 1683 4500 i
1701 4437 1726 4486 6.
1744 4460 1776 4472 -
1797 4437 1824 4490 Β)

657 4502 782 4554 indicati
799 4502 830 4553 Ρ.
849 4529 883 4541 -
904 4504 932 4562 ⁹)
950 4503 1027 4567 Vide,
1045 4519 1079 4554 uo
1098 4503 1248 4568 legandum
1263 4502 1301 4554 sit
1316 4503 1420 4554 abiecto
1438 4500 1477 4566 N,
1499 4508 1529 4554 ut
1546 4516 1631 4569 supra
1648 4518 1778 4555 concana
1800 4500 1826 4552 Sl

657 4570 687 4622 irs
707 4568 768 4623 ΟΥ.
801 4569 933 4626 vinnm.
951 4570 986 4625 ud
1005 4588 1028 4623 c.
1045 4571 1100 4639 Μ
1118 4575 1142 4623 a.
