5092 6425
761 888 822 955 148
1232 885 1452 954 'MACROBM

711 1066 791 1128 llse
815 1058 932 1122 ratione
959 1075 1120 1120 emensum
1151 1054 1278 1139 putavit
1321 1055 1410 1134 Quae
1437 1064 1540 1119 tamen
1560 1056 1755 1124 Archimedis
1781 1060 1932 1128 dimensio

758 1167 775 1210 a
804 1143 970 1208 Platonicis
998 1140 1159 1225 repudiata
1191 1148 1239 1204 est
1266 1142 1354 1225 quasi
1381 1141 1474 1225 dupla
1501 1150 1533 1205 et
1561 1143 1651 1226 tripla
1680 1145 1839 1211 intervalla
1869 1172 1932 1214 non

757 1249 897 1295 servans:
937 1236 969 1292 et
991 1233 1166 1290 statuerunt
1193 1224 1251 1289 hoc
1274 1246 1341 1289 esse
1364 1226 1565 1302 credendum,
1594 1237 1646 1304 ut,
1675 1240 1826 1315 quantum
1849 1244 1932 1300 esta

758 1325 838 1380 terra
859 1312 1014 1397 usquead
1035 1311 1150 1388 lunam,
1173 1310 1301 1395 duplum
1324 1311 1364 1375 sit
1384 1333 1402 1375 a
1425 1321 1505 1376 terra
1524 1314 1678 1396 usquead
1702 1318 1813 1383 solem:
1836 1341 1932 1405 quan-

757 1410 887 1485 tumque
907 1406 954 1461 est
976 1418 993 1461 a
1016 1404 1098 1461 terra
1128 1416 1228 1481 usque
1257 1395 1296 1459 ad
1318 1397 1431 1473 solem,
1470 1398 1597 1482 triplum
1626 1400 1666 1464 sit
1687 1423 1705 1464 a
1727 1412 1810 1468 terra
1833 1415 1932 1491 usquc

757 1486 795 1551 ad
819 1487 988 1550 Venerem:
1027 1490 1241 1567 quantumque
1264 1490 1312 1545 est
1333 1503 1352 1546 a
1376 1492 1457 1547 terra
1479 1484 1637 1568 usquead
1660 1487 1826 1566 Venerem,
1857 1513 1932 1576 qua·

757 1581 806 1636 ter
828 1579 947 1635 tanturn
977 1567 1055 1633 sita
1076 1576 1158 1631 terra
1187 1587 1286 1651 usque
1309 1568 1347 1630 ad
1368 1567 1514 1632 Mercurii
1543 1569 1678 1634 stellam:
1716 1584 1931 1661 quantumque

757 1655 863 1721 estad
888 1653 1079 1719 Mercurium
1100 1672 1117 1716 a
1140 1660 1239 1727 terra,
1279 1653 1385 1717 novies
1414 1662 1533 1717 tantum
1564 1655 1641 1719 sita
1662 1664 1742 1722 terra
1769 1681 1868 1744 usque
1891 1663 1930 1726 ad

755 1744 906 1806 Martem:
943 1747 975 1802 et
997 1745 1147 1823 quantum
1170 1757 1187 1800 a
1212 1745 1294 1801 terra
1316 1759 1415 1823 usque
1438 1738 1476 1803 ad
1498 1740 1631 1804 Martem
1653 1750 1716 1820 est,
1743 1746 1838 1810 octies
1860 1755 1929 1810 tan·

756 1836 822 1891 tum
843 1826 883 1889 sit
904 1845 921 1888 a
942 1833 1024 1889 terra
1048 1821 1204 1908 usquead
1225 1824 1344 1887 lovem:
1383 1832 1596 1909 quantumque
1618 1836 1666 1891 est
1685 1849 1702 1891 a
1727 1838 1808 1895 terra
1830 1853 1930 1916 usque

626 1976 633 1985 ,
756 1911 793 1976 ad
815 1913 935 1981 lovem,
973 1907 1088 1994 septies
1108 1916 1140 1971 et
1160 1907 1254 1972 vicies
1275 1916 1395 1973 tantum
1423 1909 1464 1973 sit
1483 1929 1500 1972 a
1521 1918 1602 1975 terra
1625 1932 1724 1998 usque
1746 1915 1782 1978 ad
1804 1916 1929 1980 Saturni

707 1996 873 2064 lborbem.
916 1996 1004 2058 Hane
1032 1993 1261 2058 Platonicorum
1292 1995 1522 2078 persuasionem
1548 1996 1739 2082 Porphyrius
1768 2000 1854 2065 libris
1885 2004 1930 2065 in·

756 2082 853 2147 seruit
875 2080 988 2164 quibus
1009 2078 1127 2143 Timaei
1149 2077 1388 2143 obscuritatibus
1409 2079 1548 2145 nonnihil
1569 2080 1645 2146 lueis
1667 2083 1794 2162 infudit,
1824 2087 1930 2172 aitque

757 2189 810 2232 cos
832 2165 957 2230 credere
980 2163 1018 2228 ad
1048 2164 1108 2227 ima
1131 2163 1212 2227 inem
1235 2165 1442 2230 contextionis
1464 2165 1584 2230 animae
1611 2166 1687 2231 baec
1715 2190 1782 2234 esse
1809 2171 1841 2235 in
1864 2195 1930 2237 cor-

756 2274 832 2339 pore
853 2250 959 2316 mundi
983 2185 1158 2325 intervalla,
1196 2270 1275 2334 quae
1297 2250 1429 2335 epitritis
1455 2250 1608 2315 bernioliis
1629 2255 1776 2338 epogdois
1798 2255 1929 2322 hemito-

757 2339 878 2422 niisque
897 2334 1080 2418 conplentur
1101 2342 1133 2399 ct
1155 2334 1302 2411 limmate,
1323 2344 1354 2400 et
1375 2335 1416 2400 ita
1439 2336 1602 2422 provenire
1623 2349 1818 2418 concentum,
1840 2345 1928 2408 euius

757 2423 835 2487 ratio
867 2423 899 2486 in
928 2420 1098 2485 substantia
1128 2419 1248 2484 animae
1280 2429 1423 2485 contexta
1455 2422 1612 2487 mundano
1641 2445 1767 2510 quoque
1796 2449 1850 2492 cor
1871 2430 1928 2505 ori,

709 2508 841 2594 ldquod
866 2507 904 2570 ab
926 2506 1028 2570 anima
1051 2513 1201 2582 moretur,
1218 2505 1332 2570 inserta
1354 2513 1410 2571 est
1453 2507 1541 2572 Unde
1563 2511 1708 2573 exomni
1731 2521 1817 2595 parte
1839 2451 1928 2578 (dicta

758 2602 789 2658 et
815 2591 946 2678 perlecta
968 2598 1015 2655 est
1035 2589 1192 2656 Ciceronis
1220 2591 1368 2666 adsertio,
1406 2592 1459 2676 qui
1482 2594 1647 2657 intervallis
1671 2597 1841 2682 rirporrbm,
1875 2601 1929 2663 secl

756 2693 854 2744 crimen
865 2699 926 2762 pro
945 2689 1014 2740 rora
1028 2688 1118 2762 porte
1139 2677 1255 2741 ratione
1274 2677 1430 2754 dr'stc'nclr's,
1450 2678 1615 2743 caelestem
1637 2701 1747 2746 sonum
1767 2682 1839 2746 dicit
1858 2705 1928 2748 esse

759 2764 956 2830 disiunctum.

708 2869 780 2937 [133]
844 2849 896 2913 1v.
940 2847 1030 2911 Nunc
1052 2845 1138 2910 locus
1163 2853 1335 2922 ammonet,
1376 2853 1412 2910 ut
1435 2845 1474 2910 de
1495 2848 1645 2931 gravitate
1668 2860 1700 2915 et
1720 2852 1859 2918 acumine
1879 2876 1928 2918 so-

759 2956 870 3001 norum
899 2931 1090 2996 diversitates
1120 2952 1197 3016 quas
1226 2930 1341 2994 adserit
1361 2931 1562 2998 revolvamus.
1604 2937 1645 2999 Et
1663 2950 1775 3002 natura
1791 2942 1863 3025 fert,
1896 2953 1929 3004 nt

828 3087 896 3137 Mos.
917 3083 1144 3145 Bersumno]

755 3173 827 3226 ost.“
858 3170 944 3222 Gron.
996 3166 1100 3232 ,Morte
1128 3165 1186 3235 legi
1211 3166 1295 3220 debet
1322 3168 1447 3237 stelliferi
1468 3168 1533 3221 coeli
1554 3188 1668 3224 cursam.
1710 3174 1780 3227 Nam
1807 3174 1929 3243 primum

756 3243 842 3294 Grau.
864 3241 980 3292 membr.
1004 3238 1109 3289 babent
1131 3254 1249 3301 carrum,
1285 3237 1386 3289 deinde
1405 3239 1530 3302 stelliferi
1546 3242 1612 3291 coeli
1634 3259 1737 3294 cursum
1758 3254 1824 3296 sunt
1843 3248 1930 3298 rerba

755 3307 916 3373 ciceronis,
941 3321 1013 3372 quae
1030 3306 1077 3357 bie
1095 3304 1185 3371 repeti
1205 3304 1240 3356 ab
1258 3311 1374 3357 auctore
1395 3307 1543 3357 admodum
1566 3308 1605 3359 sit
1626 3312 1789 3364 verosimile
1808 3331 1842 3364 ex
1862 3332 1929 3366 con-

755 3379 903 3430 suetudine
923 3391 977 3443 qun
996 3391 1058 3426 eurn
1078 3373 1184 3441 passim
1205 3387 1287 3424 usum
1305 3390 1368 3455 csse
1392 3375 1550 3455 ridemusst‘
1573 3375 1658 3428 Zean.
1674 3406 1717 3458 ᾗ
1748 3398 1873 3432 mensum
1892 3381 1930 3443 (C

754 3442 1075 3566 catastas-,t
1092 3441 1572 3577 taint·ctrtl‘ttltlit
1590 3445 1929 3584 ,utrtr‘trrtr

753 3575 1069 3645 tauromenium.
1105 3583 1361 3644 picantumcumqae
1378 3574 1409 3627 0.
1433 3604 1465 3614 -
1491 3579 1651 3646 triplamque
1670 3583 1705 3632 sit
1722 3600 1739 3632 a
1758 3592 1829 3636 terra
1846 3603 1931 3653 usque

754 3650 791 3700 ad
810 3646 976 3699 mercurium
998 3650 1065 3704 (om.
1085 3644 1121 3693 ad
1143 3645 1268 3695 Venerem
1346 3646 1384 3696 ad
1404 3646 1529 3696 Mercurii
1544 3647 1664 3707 stellam]
1681 3648 1712 3698 F.
1735 3679 1770 3689 —
1796 3652 1833 3704 ad
1848 3670 1930 3705 acne-

752 3732 817 3765 rcm.
834 3721 961 3780 quantum
979 3718 1017 3762 cst
1037 3716 1104 3771 (orn.
1123 3716 1186 3775 quc)
1205 3709 1233 3762 S.
1270 3719 1453 3779 quantamque
1469 3718 1537 3772 (om.
1557 3720 1608 3774 est)
1629 3716 1722 3768 11Ιῖ0.
1749 3747 1784 3755 -
1812 3721 1928 3773 meua..

755 3789 882 3847 quantum
901 3786 941 3831 est
959 3784 1030 3838 (om-
1052 3780 1114 3845 quc)
1134 3776 1206 3828 SRl.
1242 3786 1421 3847 quantumque
1442 3786 1510 3841 (ιιιιι.
1530 3787 1582 3840 est)
1601 3781 1633 3833 B.
1668 3793 1930 3856 quantumcunque

755 3857 793 3900 cst
809 3845 841 3896 (l.
872 3875 900 3883 -
931 3862 950 3897 a
968 3852 1041 3898 terra
1059 3845 1095 3896 ad
1113 3846 1270 3895 mercurium
1290 3844 1320 3895 F.
1347 3874 1380 3883 —
1410 3850 1447 3898 ad
1465 3856 1574 3900 martem
1593 3856 1662 3909 (orn.
1680 3858 1732 3912 est)
1751 3855 1801 3905 Rl.
1831 3882 1859 3893 —
1891 3858 1929 3909 ml

753 3918 859 3967 iuvem.
879 3920 1006 3983 quantun
1024 3919 1062 3964 est
1080 3918 1149 3972 (om.
1168 3918 1231 3978 quc)
1250 3912 1281 3964 F.
1305 3942 1339 3951 -
1364 3916 1462 3983 vigies
1478 3915 1526 3967 BF
1544 3917 1596 3978 (tlt
1616 3935 1676 3985 sup.
1694 3926 1731 3981 c).
1751 3950 1785 3960 -
1814 3924 1849 3974 ,ῑι
1865 3931 1929 3975 pm.

753 3992 809 4037 tum
829 4000 891 4052 r-g.
1045 3981 1085 4029 15.
1125 3978 1299 4031 Platonicam
1323 3983 1409 4049 apti.
1438 4012 1468 4021 -
1500 3984 1574 4035 libris
1593 3988 1664 4037 sais
1691 3989 1748 4039 s-b.
1801 3990 1928 4042 inlibris

754 4053 823 4104 suis
840 4050 871 4102 F.
889 4078 920 4087 -
939 4049 972 4100 r'n
990 4047 1082 4114 quibus
1099 4046 1129 4098 P.
1148 4075 1181 4085 —
1198 4048 1320 4113 infulcit
1337 4056 1412 4116 (sup.
1429 4051 1543 4115 infudit)
1562 4050 1591 4101 0.
1607 4082 1640 4091 -·
1658 4058 1762 4123 Atque
1780 4074 1823 4109 eos
1841 4060 1927 4112 dicit

753 4120 786 4170 P.
810 4151 843 4159 —
875 4116 1040 4171 intestioais
1057 4122 1132 4182 (supr.
1151 4120 1212 4175 con)
1232 4116 1285 4167 Rt.
1310 4145 1342 4156 -
1371 4120 1478 4170 animae
1495 4136 1550 4171 esse
1566 4124 1637 4180 [orn.
1656 4122 1735 4184 llaec)
1753 4142 1807 4175 s-a.
1832 4154 1866 4163 —
1893 4135 1926 4179 ct

754 4207 822 4258 quac
840 4205 866 4240 v.
889 4215 922 4225 —
942 4193 970 4238 et
988 4185 1117 4252 epogdois
1134 4183 1255 4234 Eddffl.
1275 4212 1309 4223 -
1328 4184 1527 4254 lsemitcnispue
1545 4188 1642 4255 vicbg.
1662 4219 1693 4228 -
1714 4200 1739 4243 et
1756 4194 1927 4248 liminatac

754 4274 781 4307 r.
805 4284 838 4295 -
868 4261 1017 4307 concentum
1034 4251 1173 4318 provenire
1190 4251 1221 4302 C.
1246 4280 1272 4290 -
1302 4255 1468 4321 mundoque
1485 4260 1560 4320 [sup.
1581 4258 1716 4311 mundano
1735 4267 1850 4327 quoque)
1868 4281 1927 4314 cor-

751 4326 812 4392 pori
828 4324 877 4374 tu.
899 4351 925 4360 -
954 4321 1027 4388 quid
1045 4325 1120 4388 (sup.
1138 4319 1180 4371 ael
1199 4322 1283 4387 quod)
1302 4320 1404 4370 Rt.-
1426 4328 1464 4373 eet
1482 4323 1580 4374 inserta
1599 4323 1649 4375 RQ.
1804 4334 1842 4379 ro.
1880 4334 1927 4383 sed

752 4399 875 4442 tantum
894 4390 952 4453 eug
969 4393 1003 4454 (g
1022 4386 1048 4436 in
1069 4404 1125 4456 mg.
1144 4393 1255 4446 tamen).
1275 4416 1309 4426 -
1329 4389 1464 4455 partiam
1484 4389 1527 4438 R2
1545 4407 1562 4442 a
1580 4408 1636 4442 sec.
1657 4409 1707 4455 ιιι,
1725 4393 1803 4446 urs.
1823 4425 1852 4434 -
1877 4415 1924 4449 m.

752 4456 877 4509 tionisc
896 4470 913 4506 a
933 4470 989 4504 see.
1007 4469 1053 4515 nn,
1069 4453 1101 4505 F.
1122 4482 1156 4494 -
1175 4457 1359 4507 coniunctum
1378 4463 1452 4521 (sup.
1472 4457 1514 4507 ecl
1533 4459 1670 4519 disiunrt.)
1690 4460 1722 4511 F.

820 4522 864 4574 IV.
904 4525 991 4589 Caput
1009 4522 1023 4573 l
1028 4523 1058 4572 V.
1096 4522 1149 4588 Qui
1159 4524 1229 4587 fiat,
1248 4531 1279 4574 ut
1296 4525 1363 4575 inter
1381 4542 1457 4575 corros
1475 4525 1593 4578 coelestis
1610 4528 1683 4579 illius
1701 4540 1838 4583 concentus
1854 4532 1926 4583 alius

752 4591 855 4641 acutior
872 4591 915 4652 eil,
934 4590 1005 4641 alius
1021 4591 1147 4656 grauior:
1165 4591 1295 4656 quodnam
1313 4593 1350 4642 ibi
1366 4593 1496 4643 melodiae
1513 4594 1547 4645 sit
1564 4612 1665 4662 gemus,-
1683 4605 1706 4648 ct
1722 4615 1767 4648 ear
1786 4617 1864 4650 sonus
1878 4601 1926 4652 c'lle

751 4674 769 4710 a
791 4658 865 4711 nobis
885 4677 938 4713 noa
956 4658 1092 4709 audiatur.
1122 4657 1201 4709 clr-b.
1356 4663 1379 4709 l.
1415 4670 1546 4713 ammonet
1568 4663 1639 4715 loeas
1661 4666 1710 4716 Rl.
1740 4695 1773 4703 —
1802 4684 1925 4720 sonorum

783 4808 826 4857 rt.
863 4808 946 4926 dupila
962 4816 986 4859 et
1002 4808 1084 4876 tripla
1098 4808 1241 4860 intervalla
1258 4828 1311 4862 non
1362 4828 1500 4877 quamque
1548 4814 1662 4865 stellam
1712 4818 1924 4870 antecedentem

748 4875 868 4941 servans]
927 4891 977 4926 acc
1002 4874 1030 4925 in
1060 4875 1241 4939 sequentibus
1269 4878 1309 4930 ita
1360 4880 1633 4947 multiplicas-nutus,
1670 4890 1701 4933 nt
1718 4886 1805 4950 ratio,
1840 4903 1925 4951 quam

748 4950 861 4994 serrata
883 4942 972 4993 voluit
994 4941 1170 5006 Macrobius,
1205 4950 1235 4994 ut
1256 4962 1308 4996 nu·
1358 4944 1923 5021 Forbigesfflandb.d.alt.Geogr.vol.

748 5010 834 5062 rueris
855 5015 878 5072 t,
895 5013 923 5072 2,
944 5012 970 5070 3,
988 5011 1013 5071 4,
1031 5014 1057 5073 9,
1079 5014 1105 5071 8,
1123 5014 1158 5059 21
1175 5010 1225 5071 (dc
1244 5013 1308 5078 qui·
1357 5012 1380 5076 l,
1397 5032 1422 5079 p.
1439 5020 1514 5074 522.)
1532 5017 1656 5069 instituit
1674 5020 1727 5071 boc
1743 5022 1806 5071 loeo
1822 5023 1923 5086 allato,

746 5077 869 5131 bussid.
893 5076 997 5127 Comm.
1015 5075 1043 5140 l,
1065 5080 1094 5139 6,
1113 5078 1170 5135 46.)
1189 5094 1242 5128 non
1261 5080 1306 5131 ia·
1356 5098 1420 5132 eum
1451 5083 1505 5133 boc
1535 5087 1628 5137 minus
1660 5089 1808 5140 conveniat
1836 5107 1919 5155 quam

747 5146 895 5198 terentium
912 5145 983 5210 quod
1009 5150 1086 5195 esset
1107 5144 1180 5197 iuter
1200 5152 1305 5201 terram
1355 5150 1544 5202 cumr-atione
1564 5154 1705 5218 Platonis,
1735 5158 1769 5208 dc
1788 5174 1843 5223 qua
1863 5159 1920 5211 vid.

745 5220 774 5265 et
792 5215 900 5275 lanam,
931 5212 979 5263 scd
998 5209 1151 5265 intervella
1167 5229 1239 5279 quac
1258 5232 1304 5266 es·
1353 5231 1377 5266 c.
1395 5220 1421 5279 ἲ,
1442 5220 1455 5282 5
1477 5223 1516 5268 15.

742 5289 805 5333 scot
841 5282 914 5334 intes
944 5286 1048 5334 terruru
1086 5291 1114 5335 ct
1145 5282 1302 5350 proximam
1388 5288 1429 5335 tt.
1466 5288 1581 5354 epitritis
1599 5290 1665 5356 etc]
1690 5289 1732 5342 Gt.
1752 5310 1775 5343 e.
1793 5294 1824 5358 2,
1842 5293 1856 5358 f
1876 5296 1919 5346 20.
