5092 6425
773 869 912 939 canu.
934 869 978 936 rs
1002 867 1129 936 suun.
1151 867 1249 934 scre.
1292 842 1429 932 narr.
1473 867 1563 935 eur.
1581 872 1635 936 xr.
1656 871 1726 937 xn.
1778 870 1839 948 rsa

665 1043 762 1107 strari
780 1050 885 1127 potest·
934 1040 1033 1104 Deam
1059 1049 1085 1102 te
1112 1038 1207 1123 ipitnr
1227 1040 1299 1104 sorio
1325 1059 1403 1110 esse:
1435 1040 1582 1126 siquidem
1603 1051 1644 1105 est
1666 1043 1752 1118 dnos,
1785 1045 1842 1130 qui

665 1131 755 1212 capet,
789 1127 967 1213 quissent,
1000 1125 1055 1211 qni
1081 1124 1228 1200 meminit,
1261 1125 1317 1210 qni
1333 1125 1489 1211 providet,
1522 1127 1577 1212 qui
1600 1137 1660 1191 tam
1688 1129 1763 1212 repit
1789 1140 1885 1213 atter]

663 1213 835 1277 moderatur
854 1222 881 1274 et
898 1220 992 1274 monet
1010 1209 1043 1273 id
1064 1231 1175 1295 corpas
1193 1211 1246 1273 eni
1257 1212 1451 1296 praepositus
1472 1223 1526 1286 est,
1544 1233 1634 1297 quam
1650 1213 1731 1278 lenna
1749 1235 1835 1278 man·

663 1300 735 1362 dnm
755 1299 802 1361 ille
819 1297 961 1382 princeps
983 1295 1072 1359 deus:
1099 1305 1127 1358 et
1146 1306 1180 1358 nt
1199 1295 1248 1359 ille
1265 1296 1412 1360 mnndum
1432 1298 1562 1383 quadam
1577 1309 1667 1383 parte
1685 1300 1837 1364 mortalem

664 1386 727 1470 ipse
752 1383 824 1446 dens
845 1392 997 1456 aeternus,
1034 1381 1077 1444 sic
1100 1381 1210 1465 [rapile
1239 1402 1349 1466 corpas
1370 1383 1489 1446 antinus
1513 1385 1707 1469 sempeternus
1734 1396 1835 1450 mouet.

663 1471 747 1533 Bene
771 1475 802 1532 et
821 1466 977 1550 sapienter
999 1465 1159 1530 Tullianus
1182 1465 1231 1530 hic
1252 1465 1355 1551 Scipio
1383 1467 1463 1531 circa
1488 1467 1712 1534 institutionem
1740 1474 1863 1555 nepo-2

662 1555 701 1618 tis
724 1553 863 1617 ordinem
884 1558 966 1614 recte
989 1550 1127 1615 docentis
1145 1550 1282 1637 inplevit.
1325 1552 1413 1629 Nam,
1435 1559 1471 1616 ut
1492 1552 1660 1618 brevitera
1684 1555 1834 1641 principio

663 1660 786 1703 omnem
808 1637 911 1721 operis
932 1635 1153 1700 continentiam
1176 1637 1384 1712 revolvamus,
1404 1637 1538 1722 primurn
1558 1647 1679 1724 tempus
1702 1642 1729 1705 ei
1752 1662 1833 1705 mor·

660 1725 700 1789 tis
722 1732 754 1788 et
775 1722 973 1787 imminentes
1017 1721 1240 1807 ropinquorum
1262 1722 1414 1808 praedixit
1434 1722 1574 1802 insidias,
1615 1734 1650 1790 ut
1673 1734 1772 1790 totum
1794 1727 1832 1792 de

661 1810 717 1874 hac
740 1809 802 1875 vita
827 1827 951 1891 sperare
1001 1806 1163 1882 edisceret,
1201 1829 1295 1892 quam
1321 1829 1383 1873 non
1412 1809 1589 1875 diuturnam
1618 1812 1832 1896 comperisset:

661 1894 748 1971 dein,
775 1914 814 1957 ne
836 1899 922 1956 metu
943 1892 1114 1975 praedictae
1137 1894 1244 1958 mortis
1264 1892 1470 1978 frangeretur,
1497 1895 1632 1960 ostendit
1650 1897 1780 1981 sapienti
1802 1905 1834 1961 et

661 1982 744 2044 bano
772 1977 830 2043 civi
854 1977 885 2041 in
907 1977 1156 2042 inmortalitatem
1180 1979 1392 2063 migrandum:
1413 2001 1547 2064 eumque
1569 2003 1641 2047 eum
1662 1983 1744 2047 ultro
1763 2003 1833 2067 spes

662 2066 720 2130 ista
742 2063 886 2128 traxisset
908 2062 946 2127 ad
969 2063 1121 2127 moriendi
1142 2064 1339 2141 desiderium,
1360 2065 1496 2130 succedit
1515 2065 1604 2131 Pauli
1626 2067 1721 2152 patris
1742 2089 1833 2152 opor·

661 2161 737 2216 tuna
755 2148 905 2215 dissuasio
926 2169 1086 2213 accensam
1106 2148 1160 2214 filii
1182 2149 1409 2215 festinationem
1430 2150 1469 2217 ab
1485 2151 1624 2236 appetitu
1644 2160 1833 2236 spontaneae

664 2235 773 2300 mortis
801 2233 975 2299 excludens.
1029 2235 1126 2298 Plane
1154 2235 1248 2319 igitur
1276 2236 1308 2299 in
1335 2236 1438 2303 animo
1466 2237 1648 2302 somniantis
1675 2238 1860 2322 utrimque3

661 2322 797 2408 plantata
829 2319 971 2405 sperandi
1003 2320 1246 2405 expectandique
1277 2321 1425 2406 temperie
1456 2321 1549 2389 altius
1578 2323 1638 2387 iarn
1665 2322 1745 2387 circa
1774 2323 1832 2387 eri·

660 2408 794 2492 gendum
815 2406 936 2491 nepotis
954 2406 1092 2470 animum
1111 2405 1275 2472 Africanus
1295 2405 1480 2490 ingreditur:
1501 2429 1558 2471 nec
1576 2408 1661 2494 prius
1680 2428 1751 2473 eum
1771 2415 1832 2474 ter·

661 2515 727 2558 ram
754 2491 869 2578 patitur
889 2493 1004 2558 intueri
1030 2512 1123 2578 quam
1152 2492 1288 2557 caeliae
1315 2492 1450 2557 siderum
1480 2499 1620 2560 naturam
1649 2502 1767 2560 motum
1797 2515 1832 2559 ac

660 2579 856 2643 modulamen
879 2586 1075 2662 agnoscatet
1097 2578 1298 2644 haecomnia
1324 2577 1400 2643 sciat
1425 2579 1563 2663 praemio
1590 2599 1712 2644 cessura
1736 2579 1831 2646 virtu-

661 2675 734 2730 tum.
778 2669 824 2728 Ac
845 2672 1008 2749 postquam
1033 2685 1119 2731 mans
1142 2664 1261 2729 firmata
1283 2663 1435 2750 Scipionis
1456 2664 1612 2731 alacritate
1633 2673 1736 2731 tantae
1760 2669 1859 2750 pra-4

659 2750 813 2816 missionis
834 2750 979 2834 erigitur,
1004 2759 1071 2828 tum
1092 2751 1217 2817 demum
1238 2750 1351 2837 gloria,
1379 2770 1458 2837 quae
1480 2751 1560 2836 apud
1584 2750 1724 2818 indoctos
1747 2773 1831 2836 mag-

1456 2922 1540 2985 [uda.
1559 2922 1762 2991 viculrgsptlub.

656 3008 702 3058 ille
721 3005 750 3054 F.
767 3033 802 3041 —
820 3013 846 3055 te
864 3022 926 3070 sup.
945 3005 1008 3054 add.
1029 3011 1091 3070 post
1108 3007 1194 3074 igitur
1210 3007 1261 3057 Ra.
1279 3036 1311 3044 —
1328 3006 1374 3057 ille
1391 3005 1485 3056 Somn.
1507 3007 1525 3056 Ι.
1542 3023 1565 3056 c.
1583 3023 1638 3056 um.
1655 3006 1684 3059 in
1701 3007 1832 3059 ornnilrus

657 3076 719 3124 lare
738 3073 806 3121 Μαι.
822 3099 856 3110 -—
879 3089 915 3122 en
934 3074 1050 3138 quadarn
1066 3081 1159 3141 parte,
1182 3080 1212 3126 ut
1230 3075 1326 3124 Snmn.
1346 3075 1365 3123 Ι.
1383 3090 1407 3124 e.
1425 3074 1492 3123 Mes.
1513 3080 1542 3124 et
1558 3075 1628 3125 ΕΜ.
1646 3092 1756 3136 omncs,
1780 3077 1830 3126 Rr.

657 3168 690 3179 —
714 3142 819 3189 animus
837 3147 946 3190 eternus
965 3141 1014 3189 Ru.
1168 3144 1193 3190 2.
1231 3142 1303 3192 Bene
1320 3145 1395 3206 (sup.
1416 3141 1480 3191 add.
1499 3146 1577 3209 ergo)
1600 3142 1651 3192 Rl.
1675 3171 1707 3180 -
1729 3146 1832 3210 nepotis

658 3209 711 3259 eui
730 3208 780 3258 Rl.
801 3236 835 3244 —
862 3208 1020 3269 revolvam,
1043 3206 1205 3274 principio
1228 3225 1283 3259 s-z.
1319 3207 1416 3272 „Libri
1435 3215 1503 3259 vett.
1523 3211 1832 3262 omnesreaolvarnus.“

658 3277 745 3327 Grau.
762 3275 796 3325 ad
814 3274 918 3324 Conrrn.
936 3277 958 3337 1,
976 3280 1002 3336 ὁ,
1021 3279 1062 3326 14.
1097 3274 1178 3338 „Non
1198 3293 1296 3342 parum
1316 3274 1463 3327 inamoena
1481 3275 1585 3326 accidit
1601 3283 1656 3327 tarn
1676 3278 1833 3344 propinqua

658 3344 736 3394 vocis
761 3344 892 3411 principio
920 3343 1069 3408 repetitio,
1103 3344 1175 3408 quod
1201 3358 1337 3409 nusquam
1361 3360 1378 3394 a
1401 3343 1546 3394 Marruuia
1575 3344 1677 3395 lactum
1708 3346 1831 3397 memini.

655 3413 733 3479 Ircgu
751 3412 867 3477 proinde
885 3427 947 3460 cunr
967 3410 1034 3460 Mra.
1049 3411 1192 3477 primum.“
1211 3411 1300 3462 idem.
1335 3411 1431 3474 „Male
1448 3412 1539 3462 eiectn
1555 3412 1727 3477 estantiquis
1745 3414 1832 3465 lectio

657 3481 836 3540 revolvamus,
855 3479 984 3544 primum,
1012 3494 1083 3544 quae
1100 3479 1161 3529 sola
1179 3486 1221 3530 est
1238 3479 1390 3546 probanda.
1426 3478 1496 3529 Nam
1519 3496 1630 3544 semper
1648 3487 1759 3542 auctor,
1782 3483 1831 3533 rrlri

657 3551 736 3615 leges
753 3546 910 3597 'modestiae
930 3549 1081 3613 postulunt,
1100 3546 1218 3611 primam
1237 3563 1385 3613 personam
1403 3546 1522 3613 pluralis
1538 3550 1664 3613 praefert
1681 3548 1831 3616 singulari.

656 3617 745 3682 nequa
761 3616 905 3683 principio,
940 3632 1002 3665 eum
1021 3614 1096 3665 idern
1115 3631 1214 3666 nomen
1237 3615 1322 3682 paule
1340 3620 1405 3666 unte
1426 3614 1541 3677 dixerit,
1574 3633 1605 3666 re
1627 3625 1714 3684 agnat
1735 3618 1829 3670 studio

656 3690 825 3735 commutate
844 3682 1000 3744 scribendi,
1020 3683 1091 3748 qnod
1110 3690 1205 3734 noster
1224 3699 1336 3749 semper
1352 3683 1411 3734 lere
1428 3686 1580 3735 sectatur.“
1602 3635 1687 3736 leun.
1708 3714 1741 3722 -
1763 3694 1828 3738 tenr-

654 3771 705 3821 pns
730 3753 754 3803 ei
784 3750 1174 3802 BFSRchherDOGnAVQ.
1223 3753 1247 3803 ei
1271 3760 1372 3819 tempus
1398 3751 1489 3802 R2V3.
1535 3759 1635 3819 tempus
1662 3755 1731 3804 eius
1761 3754 1829 3824 ring

655 3822 764 3886 „Msa.“
783 3822 868 3871 Gran.
885 3819 962 3880 (La).
983 3847 1010 3857 -
1031 3820 1222 3871 imminenteis
1242 3819 1327 3885 c-gG.
1344 3846 1379 3857 -
1393 3819 1601 3887 propinquorum
1618 3823 1732 3873 insidias
1748 3840 1829 3890 prae-

656 3891 725 3941 dixit
742 3888 773 3937 F.
806 3890 927 3957 praedia.
946 3889 1025 3939 incid.
1042 3905 1119 3954 prop.
1138 3886 1171 3938 G.
1198 3915 1233 3927 -
1260 3888 1413 3939 diuturnum
1429 3905 1483 3938 non
1501 3888 1550 3937 Rl.
1586 3889 1740 3941 diuturnam
1759 3896 1828 3951 (um.

655 3964 721 4016 reon)
741 3957 790 4005 stt.
810 3986 844 3995 —
859 3973 891 4007 ne
907 3973 961 4006 om.
981 3956 1014 4007 G.
1033 3983 1066 3993 —
1083 3963 1159 4007 meta
1177 3954 1209 4006 F.
1226 3983 1261 3994 -
1279 3956 1316 4009 de
1334 3956 1520 4007 morrtnlitote
1537 3956 1590 4006 111.
1606 3986 1639 3994 —
1656 3958 1829 4025 migrandum

655 4026 702 4075 BP
722 4024 779 4084 (Ra
797 4040 814 4074 a
832 4042 857 4090 p.
877 4029 928 4083 ru.)
948 4025 1001 4075 Gr·
1051 4031 1153 4074 morte
1169 4024 1341 4091 migrandum
1361 4022 1446 4075 FSRt
1466 4023 1523 4084 (8⁶2
1540 4040 1556 4073 n
1576 4041 1633 4075 sec.
1651 4031 1702 4082 m.)
1722 4025 1826 4077 i-ntto.

654 4121 689 4130 -
706 4094 775 4142 ultro
792 4108 850 4141 eum
866 4091 896 4142 F.
920 4120 947 4128 -
965 4108 1023 4157 spes
1040 4092 1092 4141 istu
1109 4092 1183 4142 ultra
1200 4091 1325 4142 traxisset
1341 4090 1376 4141 G.
1529 4094 1554 4140 3.
1589 4093 1617 4142 ia
1636 4092 1725 4142 animo
1739 4094 1827 4160 igitur

655 4159 686 4208 F.
705 4186 738 4196 -
757 4160 925 4210 somniantes
944 4164 1018 4224 (sup.
1038 4160 1074 4217 is)
1095 4159 1144 4208 Ra.
1162 4186 1196 4196 -
1213 4160 1284 4208 eirca
1303 4158 1421 4210 diuina
1437 4158 1592 4222 erigendum
1608 4158 1715 4208 Eunu.
1751 4160 1828 4221 „Vn-

656 4244 716 4277 cern
743 4228 836 4276 diuina
861 4226 966 4275 indicio
991 4231 1117 4276 veterum
1143 4225 1278 4275 librarum
1306 4224 1360 4290 [sic
1385 4223 1826 4293 urspuruuouenusarntt]

656 4292 976 4358 ulrundarepronnntior
1011 4293 1083 4358 quod
1103 4292 1127 4343 si
1147 4293 1208 4343 illis
1229 4292 1406 4343 inritisenm
1430 4290 1567 4354 retinens,
1601 4293 1827 4346 inconcinneni-

656 4363 742 4414 mium
763 4361 911 4427 apparebit
929 4359 1125 4425 subsequentis
1145 4359 1254 4427 periodi
1272 4361 1370 4411 ordo.“
1395 4358 1480 4410 Gran.
1505 4388 1538 4395 -
1566 4362 1670 4428 patitur
1686 4362 1826 4414 terramF

655 4433 706 4483 Rl.
729 4459 756 4468 -
774 4436 882 4481 natura
898 4446 921 4481 r.
937 4436 1013 4481 -et
1031 4429 1198 4480 modulamen
1215 4428 1266 4479 tta.
1419 4430 1443 4479 4.
1479 4429 1642 4496 egreditur
1660 4446 1685 4481 v.
1702 4458 1735 4467 —
1752 4439 1825 4483 tanc

689 4599 757 4661 till,
785 4601 810 4649 2.
853 4614 953 4649 ominem
974 4596 1059 4663 operis
1081 4598 1216 4649 contincn-
1301 4595 1371 4646 circo
1395 4594 1550 4663 erigendum
1572 4600 1673 4665 nepotis
1696 4600 1823 4667 animum]

654 4667 730 4735 tiam]
754 4667 771 4717 i.
789 4683 813 4717 e.
833 4671 920 4717 totum
943 4664 1146 4717 sententiarum
1168 4683 1216 4717 ne·
1266 4662 1309 4714 Gi.
1328 4660 1447 4728 Quintil.
1465 4663 1516 4727 IV,
1540 4668 1569 4724 1,
1589 4671 1615 4717 9.
1633 4668 1695 4718 inde
1712 4669 1761 4718 illa
1779 4686 1825 4719 oe-

656 4753 731 4789 xum.
767 4734 809 4785 Gi.
828 4735 922 4785 Somn.
941 4733 979 4796 11,
996 4736 1014 4782 2
1032 4750 1092 4800 sqq.
1265 4740 1350 4784 terum
1372 4732 1461 4783 circa
1483 4733 1681 4785 occultandam
1700 4737 1824 4803 eloquen-

1265 4800 1344 4850 tiam
1363 4800 1511 4863 simulatio,
1545 4807 1572 4852 et
1591 4801 1643 4866 lt,
1661 4806 1691 4866 5,
1714 4807 1739 4853 6.
1762 4805 1824 4870 plus

1266 4868 1417 4986 eloppentiu
1435 4869 1524 4919 eirca
1542 4871 1721 4921 maoertdum
1739 4873 1826 4933 ualet3

1266 4943 1294 4987 et
1337 4932 1424 4986 atero
1444 4941 1528 5001 etqua
1544 4937 1684 4991 salmasio
1702 4940 1826 4991 unctori-

1265 5003 1319 5055 bus
1339 5000 1416 5054 Flos.
1440 5003 1495 5066 ΙΙΙ,
1517 5010 1565 5070 19,
1588 5011 1629 5059 lt.
1652 5009 1713 5059 dum
1734 5010 1825 5059 circo

1266 5070 1536 5138 adprehendendum
1577 5092 1647 5127 eum
1683 5075 1826 5127 multitudo

1266 5139 1407 5192 contendit.
1443 5139 1501 5192 Vox
1523 5142 1615 5194 diuina
1638 5142 1744 5193 inserta
1762 5159 1826 5191 esse

692 5210 717 5257 3.
754 5206 893 5275 utrimque]
920 5206 941 5260 i.
961 5224 985 5262 e.
1006 5206 1101 5262 verbis
1120 5206 1166 5262 uri
1189 5210 1218 5260 et
1267 5206 1380 5258 videtur
1417 5207 1453 5258 ab
1485 5208 1599 5261 homine
1638 5210 1723 5262 huius
1760 5227 1826 5265 cau*

660 5273 760 5342 patris.
1267 5272 1432 5328 structionis
1448 5273 1557 5343 ignaro.

690 4839 719 4888 in
767 4836 985 4887 inmortalitatem
1033 4830 1216 4901 migrandum]

657 4905 737 4971 Quod
757 4906 785 4955 in
809 4903 950 4971 plerisque
969 4900 1032 4952 edd.
1052 4910 1080 4951 et
1101 4901 1129 4951 in
1148 4918 1216 4952 non·

657 4975 744 5024 nullis
758 4974 825 5023 Mes.
843 4972 956 5023 additur
972 4969 1131 5035 explicandi
1150 4985 1217 5019 cnu-

658 5056 698 5103 sa,
718 5049 808 5103 morte,
825 5041 863 5104 id,
883 5038 996 5093 etiarnsi
1015 5039 1106 5103 abest,
1124 5041 1217 5105 potest

658 5107 793 5176 intelligi.
