5092 6425
705 872 769 939 μω
1186 870 1396 938 uacuouu

705 1050 738 1109 et
764 1042 823 1107 boc
849 1060 956 1105 rursus
979 1038 1099 1104 abiecto
1124 1046 1218 1125 atquc
1246 1034 1338 1123 ἄλφα
1365 1039 1398 1104 in
1424 1041 1457 1103 Ε
1484 1047 1612 1107 mutato
1641 1040 1780 1107 tertiam
1804 1054 1869 1123 crat

705 1128 865 1209 πεποίηκα
885 1123 1063 1205 πεποίηκας
1083 1126 1254 1207 πεποίημαι
1297 1124 1426 1209 primam
1448 1145 1576 1210 quoque
1601 1126 1772 1212 pluralem
1795 1128 1868 1195 addita

705 1213 762 1277 sibi
788 1212 898 1275 ΜΕΝ
914 1210 1044 1293 syllaba,
1083 1210 1244 1292 πεποίηκα
1270 1205 1497 1311 πεποιῄιαιμεν.
1542 1210 1576 1275 Si
1602 1232 1666 1297 pro
1692 1216 1811 1277 ΜΕΝ
1833 1218 1869 1279 ll

703 1298 864 1383 acceperit,
881 1293 1014 1361 secunda
1036 1293 1161 1378 pluralis
1182 1304 1239 1371 cst,
1261 1316 1470 1375 aeaonysars:
1490 1294 1515 1360 si
1536 1298 1604 1375 ΣΙ,
1629 1300 1746 1376 tertia,
1767 1298 1868 1383 mori

653 1388 789 1453 donam.
829 1374 1107 1463 Ὑπιμσνντελικός
1133 1380 1171 1445 de
1203 1380 1303 1467 prima
1333 1401 1463 1466 persona
1492 1378 1564 1445 lacit
1600 1390 1671 1448 tres
1710 1384 1869 1470 singulares,

703 1479 766 1535 tres
791 1489 865 1534 rero
894 1466 1026 1552 plurales
1051 1464 1089 1529 dc
1112 1464 1203 1531 tertia
1230 1464 1391 1551 singulari:
1433 1461 1642 1549 ἐπεποιήκειν
1675 1471 1721 1531 Ν
1737 1469 1771 1534 in
1796 1475 1827 1533 σῖ
1841 1494 1868 1553 μ

704 1564 823 1657 mutata
846 1554 881 1617 lit
902 1544 1096 1632 ἐπεποιήκις,
1121 1552 1159 1613 Ν
1171 1550 1292 1649 abiecto
1314 1550 1348 1615 srt
1367 1546 1560 1653 taramriam,
1586 1552 1702 1637 ipsum
1728 1494 1868 1621 verolus

703 1634 1868 1811 ttttttttttlbllldttb5²3ttttltt²tntt⁵btblbb

652 1813 691 1879 ΡΙ
704 1832 775 1876 nam
798 1803 1029 1890 ἐπεποιήκεσαν
1050 1816 1190 1904 correpta
1212 1806 1399 1892 paenultima
1412 1802 1520 1883 Ἴωνες
1548 1809 1776 1892 protulerunt
1816 1812 1867 1877 ldco

702 1904 806 1961 autem
828 1892 1090 1979 praetermisimus
1114 1892 1270 1978 disputare
1296 1891 1437 1957 clodoali
1459 1912 1592 1958 numero
1622 1904 1657 1959 et
1683 1895 1728 1961 de
1753 1906 1866 1983 tempori

703 1982 817 2046 aoristo
840 1987 872 2043 ct
892 1978 930 2043 do
951 1975 1113 2061 multiplici
1133 1977 1252 2041 ratione
1273 1984 1463 2062 temporum,
1491 1977 1564 2062 quia
1588 1977 1642 2045 his
1666 1982 1821 2049 omnibus
1835 2003 1866 2047 α

704 2073 773 2132 rent
794 2063 909 2141 Latini,
950 2062 1049 2128 idest
1073 2061 1148 2144 περὶ
1172 2058 1333 2145 δευτέρων
1359 2060 1417 2126 καὶ
1442 2057 1552 2146 μέσων
1586 2058 1604 2083 “
1628 2064 1866 2151 coemptam

708 2148 723 2173 ”
744 2147 1025 2235 ὑπερσυνπελικῶν
1047 2142 1069 2231 ἢ
1090 2143 1292 2229 μιλλόντωνε
1330 2148 1441 2233 quibus
1463 2148 1553 2212 latius
1577 2088 1723 2217 llraccia
1747 2154 1813 2219 sola
1829 2152 1866 2219 ut

701 2176 850 2305 lbuditur.
893 2236 940 2299 De
965 2233 1083 2319 passiva
1105 2234 1199 2319 igitur
1220 2233 1422 2298 declinatione
1442 2231 1589 2299 dicamus.

1021 2318 1089 2383 XV.
1131 2318 1180 2383 Dc
1200 2318 1319 2405 passiva
1340 2317 1551 2383 declinatione.

788 2404 898 2473 Gracci
925 2403 1025 2469 activo
1052 2403 1179 2470 instanti
1214 2404 1377 2469 verborum
1411 2404 1443 2468 in
1473 2405 1508 2466 Ω
1534 2405 1732 2472 exeuntium
1772 2407 1867 2473 addmt

702 2492 847 2577 syllabam
876 2492 984 2567 MAI,
1020 2496 1052 2553 ct
1078 2488 1113 2553 fit
1138 2490 1307 2574 passivum:
1345 2508 1425 2574 quae
1445 2488 1559 2574 syllaba
1581 2492 1675 2555 omui
1701 2493 1803 2559 verbo
1821 2492 1867 2558 sola
1903 2568 1905 2579 Ι

702 2576 845 2651 sociatur,
868 2574 910 2639 ita
929 2582 965 2638 ut
987 2575 1021 2635 a
1042 2573 1127 2657 prius
1149 2574 1290 2639 ultimum
1314 2594 1395 2637 nunc
1413 2573 1641 2660 paenultimum
1669 2586 1731 2643 aut
1756 2586 1866 2653 maneat
1903 2584 1907 2641 ῐ

702 2660 791 2729 utin
813 2658 946 2723 secunda
968 2652 1233 2741 περισπωμένων,
1255 2652 1472 2742 ἀροτριῶμαω
1493 2667 1546 2723 aut
1570 2659 1602 2724 in
1626 2662 1698 2724 ΟΡ
1718 2663 1867 2749 dipbtbon
1904 2688 1908 2711 ι

685 2762 774 2829 μανι
797 2751 948 2814 transcat,
968 2750 1005 2806 ut
1027 2742 1177 2826 inprime
1200 2752 1233 2807 et
1252 2743 1343 2807 tertia
1366 2746 1520 2825 κινοῦμαι
1542 2748 1805 2831 στεφανοῦμαις
1830 2754 1869 2813 aut
1908 2818 1910 2835 Ι

649 2830 755 2913 [atzyin
781 2826 1027 2911 Ocorripiatur,
1070 2827 1158 2889 utin
1180 2828 1325 2892 omnibus
1347 2827 1517 2913 berytonis,
1555 2825 1732 2914 πλέκομαι
1757 2830 1868 2917 ἄγομαι

670 2912 782 2997 aaran
814 2931 983 2996 numquam
1017 2910 1171 2993 passivum
1205 2912 1357 2978 Graccum
1393 2914 1548 2979 invenitur
1580 2936 1648 2981 non
1685 2938 1751 2983 suo
1786 2920 1868 2985 actito

699 2999 826 3073 maius„
851 2999 986 3063 Verbum
1009 2996 1161 3063 Graecum
1182 2997 1215 3062 in
1236 2999 1333 3062 MAI
1353 2997 1496 3064 desinens
1522 2999 1547 3063 si
1575 3000 1608 3064 in
1640 3004 1790 3070 secunda
1817 3023 1870 3090 per·

699 3106 776 3157 sona
797 3086 844 3146 M
863 3084 895 3149 in
917 3088 1017 3166 σῖγμα
1043 3082 1197 3162 demutet,
1236 3082 1295 3147 hoc
1322 3091 1376 3149 aut
1401 3092 1448 3149 est
1472 3088 1717 3170 praesenseris:
1741 3092 1792 3165 εἰς
1814 3089 1870 3165 Ml,

698 3181 735 3239 ut
753 3170 868 3256 τίθημι
886 3170 1017 3253 τίθεμαι
1035 3168 1177 3249 τίθεσαι,
1198 3168 1316 3252 δίδωμι
1336 3168 1468 3253 δίδομαι
1486 3169 1633 3249 δίδοσαι,
1658 3172 1780 3259 ἴστημι
1799 3175 1870 3240 ἵστα-

698 3281 757 3343 μαι
774 3258 918 3336 ἴστασαι,
947 3265 1001 3322 aut
1022 3264 1070 3321 est
1089 3254 1155 3319 τῶν
1175 3255 1220 3330 εἰς
1244 3257 1279 3318 Ω
1300 3255 1448 3340 temporis
1467 3256 1624 3340 praeteriti
1649 3260 1805 3344 perlecti,
1829 3280 1871 3326 aa

699 3345 839 3428 φίλημαι
858 3341 1050 3427 πεφίλησαι,
1078 3340 1247 3423 αετλμημαι
1267 3339 1450 3421 ιετίμησαι.·
1478 3349 1509 3405 et
1531 3340 1562 3404 in
1585 3339 1633 3407 his
1660 3365 1796 3432 semper
1817 3346 1870 3412 loo

668 3423 854 3512 δαυλλαβιῑ
874 3429 989 3514 primae
1009 3425 1140 3492 secunda
1163 3445 1302 3510 persona.
1344 3425 1492 3511 Alioquin
1519 3426 1639 3511 reliqua
1661 3432 1778 3496 omnia
1802 3451 1870 3518 qiua

700 3515 731 3580 in
756 3517 854 3578 MAI
869 3513 1029 3590 desinunt,
1071 3511 1134 3577 sive
1157 3509 1326 3596 praesentis
1354 3530 1410 3575 seu
1432 3509 1526 3575 futuri
1552 3511 1630 3587 sint,
1668 3521 1738 3580 tam
1764 3515 1869 3603 passivi

699 3599 820 3685 generis
842 3619 935 3684 quom
956 3595 1145 3673 communis,
1171 3616 1264 3660 unam
1286 3595 1438 3660 secundae
1466 3616 1615 3680 personae
1640 3598 1802 3682 syllabam
1826 3601 1869 3668 de

699 3681 839 3747 trabunt:
859 3682 1021 3762 καλοῦμαι
1040 3681 1132 3763 καλῇ,
1153 3673 1280 3762 ὁρῶμαι
1300 3673 1371 3765 ὁρᾷ,
1391 3680 1551 3763 δηλοῦμαι
1571 3680 1686 3786 cipi-ori,
1709 3683 1869 3770 βλέπομαι

697 3761 814 3848 βλέπῃ,
840 3761 1060 3846 τιμηθήσομαι
1079 3760 1255 3849 τιμηθήσμ,
1285 3762 1483 3849 λεχθήσομαι
1503 3768 1660 3852 λεχθησμ,
1691 3769 1868 3855 τιμήσομαι

668 3844 828 3934 4πιμήσμ,
863 3845 996 3930 λέξομαι
1016 3842 1100 3931 λέξῃ.
1143 3849 1186 3912 Et
1211 3857 1247 3913 ut
1267 3849 1408 3915 advertas
1429 3849 1556 3916 faciliori
1578 3855 1773 3937 compendio
1795 3876 1868 3944 quae

696 3935 814 4002 Graeca
842 3933 935 4000 rerba
961 3931 1081 4018 passiva
1108 3931 1272 3999 secundam
1295 3954 1459 4020 porsonam
1483 3938 1634 4002 minorem
1655 3939 1781 4023 syllaba
1803 3961 1867 4030 pro

764 4125 817 4178 aas.
835 4125 882 4188 Ρ.]

795 4214 837 4262 21.
894 4210 980 4261 ratic
1002 4207 1103 4258 ane.

761 4278 825 4341 xv,
851 4228 1317 4344 1.⁸perrspomenondnozpapor
1339 4274 1443 4326 Εδδ.Ρ.
1478 4269 1646 4341 ἀροτριῶμαι
1668 4278 1743 4329 coni.
1762 4279 1867 4347 Opsnp.

695 4346 759 4398 coll.
778 4363 802 4396 c..
821 4346 869 4406 14,
894 4344 949 4410 55.
978 4370 1004 4379 -
1032 4340 1275 4393 KEINOYMAI
1295 4342 1324 4392 Ρ.
1358 4341 1506 4407 ποιοῦμαι
1522 4342 1590 4392 Εδδ.
1745 4350 1773 4396 2.
1817 4349 1868 4400 Tl-

697 4411 813 4464 ΘΕΜΙ
831 4412 862 4462 Ρ.
885 4437 918 4448 -
940 4408 1058 4474 δίδωμαι
1077 4408 1180 4458 Εδδ.Ρ.
1206 4433 1238 4446 -
1261 4409 1437 4459 ΔΙΔΩΕΑΙ
1458 4409 1489 4458 Ρ.
1641 4410 1667 4457 3.
1705 4413 1866 4467 ΚΛΛΗΡ,

692 4477 741 4529 Sic
763 4476 847 4528 etiam
875 4476 903 4527 in
923 4492 999 4542 seqq.
1024 4492 1077 4526 om.
1103 4492 1113 4524 ι
1134 4474 1333 4542 subscript-
1360 4474 1755 4529 ΤΙΜΩΜΑΙΘΗΣΟΜΑΙ
1776 4481 1811 4533 Ρ.

724 4665 767 4713 20.
801 4656 1032 4730 Ὑπερσαντελικός
1047 4661 1111 4729 cte]
1128 4661 1172 4714 (ll.
1187 4667 1246 4713 nt.
1297 4665 1359 4779 prol
1374 4659 1436 4779 ypepl
1449 4659 1591 4742 ωδοαιέμων
1618 4679 1682 4715 ease
1706 4664 1864 4735 legendum

1297 4743 1331 4779 πε
1394 4745 1488 4780 assae.

1332 4746 1448 4847 (διμναῖα
1485 4794 1551 4862 sola]
1588 4793 1630 4846 Cf.
1665 4801 1754 4861 praef.
1786 4821 1863 4871 paen

659 4901 669 4918 ,
722 4863 766 4913 ul.
802 4861 834 4911 dc
859 4860 1000 4927 multiplici
1026 4863 1130 4913 ratione
1151 4869 1246 4929 tempo·
1301 4864 1444 4914 Graecia
1462 4863 1534 4914 sola
1552 4865 1647 4914 sortita
1665 4873 1718 4930 eat,
1744 4877 1773 4919 et
1792 4888 1818 4923 c.
1836 4874 1861 4937 δ,

689 4944 748 4979 ram
764 4963 789 4979 ..
807 4929 835 4978 ἱδ
855 4936 892 4980 eat
909 4924 971 4990 περὶ
989 4923 1123 4992 δευτέρων
1138 4925 1185 4979 καὶ
1201 4924 1247 4992 με’-
1297 4929 1310 4994 p
1336 4933 1360 4980 4.
1395 4930 1507 4980 altermn
1543 4932 1726 4996 paenultimam
1761 4938 1862 4992 Grae·

690 4994 753 5062 cmv]
775 4995 817 5048 cf.
834 5012 857 5046 c.
876 5001 906 5056 8,
929 4995 982 5058 §t
1017 4992 1077 5043 Non
1095 5002 1172 5044 recte
1189 4994 1246 5060 Op·
1297 4998 1381 5047 eiam
1401 4998 1516 5048 dirimas
1538 4999 1686 5064 deputasse.

688 5079 808 5131 sapoeua
832 5061 969 5130 distingui
991 5060 1080 5113 voluit
1102 5067 1245 5127 paattcm-
1331 5063 1391 5124 xv,
1417 5068 1440 5113 1.
1475 5063 1595 5182 ἱπιλαπλὲ
1613 5065 1669 5128 ,,Η.
1689 5083 1714 5118 e.
1736 5067 1767 5120 iu
1788 5074 1861 5123 tam·

686 5146 787 5197 param.
824 5131 897 5182 Toto
912 5130 989 5181 coelo
1005 5127 1110 5180 erravit
1122 5128 1244 5180 Zabnins
1294 5146 1361 5196 porc
1378 5135 1556 5196 praeacuta.“
1595 5148 1658 5184 aaa.
1675 5135 1776 5188 -Sie
1793 5139 1861 5192 rod.

686 5197 1243 5331 ppribpntayptbtfmyyprpteppp‘pprgurpenyp
1292 5197 1526 5329 pipuplGraecnm
1544 5193 1666 5262 ἐνεστώς.
1701 5201 1746 5256 Gi.
1771 5221 1795 5258 c.
1816 5209 1858 5274 la,

756 5283 776 5332 ι,
793 5284 825 5335 sy
851 5284 867 5320 a
889 5283 933 5319 scu
1184 5304 1192 5331 ‚
1338 5302 1346 5328 ‚
1388 5296 1396 5312 ·

725 4761 870 4828 assumpta]
893 4779 932 4815 sc.
951 4764 1071 4831 syllaba.
