5092 6425
755 919 892 988 COMM.
913 919 958 988 IN
977 918 1105 988 SOMN·
1124 918 1225 986 SGlP.
1269 920 1342 985 LIB.
1360 921 1385 984 1.
1429 920 1518 988 CAP.
1542 923 1640 990 XVll.
1741 929 1783 992 97

611 1099 698 1169 sunt,
720 1090 804 1157 unde
826 1112 898 1156 mox
920 1088 1064 1155 subiecit:
1091 1112 1196 1154 arceas
1217 1100 1244 1154 ct
1262 1091 1416 1154 contineas
1435 1103 1560 1165 ceteros:
1594 1094 1681 1159 deam
1700 1117 1784 1176 vero,

632 1178 697 1244 uod
718 1199 779 1242 non
803 1176 896 1241 modo
917 1175 1080 1240 inmortale
1102 1175 1215 1239 animal
1244 1195 1279 1238 ac
1301 1175 1439 1240 divinum
1462 1177 1502 1241 sit
1530 1189 1562 1243 et
1583 1178 1708 1263 plenum
1737 1182 1784 1246 in·

609 1201 694 1328 ditae
716 1284 755 1326 ex
776 1262 825 1326 illa
847 1261 1009 1347 purissima
1033 1269 1136 1324 mente
1158 1259 1301 1336 rationis,
1332 1259 1385 1323 sed
1409 1262 1492 1345 quod
1515 1271 1547 1326 et
1567 1263 1697 1330 virtutes
1718 1271 1784 1331 om'·

612 1370 683 1425 nes,
710 1369 790 1433 quae
813 1346 896 1410 illam
920 1346 1036 1431 primae
1058 1345 1314 1430 omnipotentiam
1337 1347 1521 1410 summitatis
1542 1356 1703 1427 secuntur,
1730 1359 1785 1416 aut

612 1435 680 1520 ipse
702 1433 792 1497 iaciat
814 1439 869 1496 aut
888 1432 952 1515 ipse
973 1431 1137 1495 contineat.
1182 1432 1285 1514 lpsum
1308 1429 1442 1514 denique
1465 1433 1569 1496 lovem
1591 1442 1711 1498 veteres
1733 1457 1784 1500 vo·
1796 1440 1836 1504 14
1937 1480 1939 1485 .

613 1526 774 1596 caverunt,
800 1525 832 1582 et
851 1516 932 1602 apud
955 1515 1116 1600 theologos
1137 1515 1276 1600 Iuppiter
1296 1523 1343 1579 est
1366 1515 1473 1579 mundi
1497 1516 1607 1582 anima.
1648 1520 1728 1584 llinc
1749 1521 1785 1584 il-

614 1604 668 1669 lud
690 1613 753 1668 est:

700 1690 743 1753 Ab
764 1687 1058 1772 Ioveprr'acrprirm,
1086 1685 1205 1760 Musae,
1234 1686 1315 1749 locis
1337 1687 1439 1750 amaia
1458 1687 1558 1772 pleno,

614 1774 699 1858 quod
721 1773 759 1838 dc
781 1778 878 1838 Arato
899 1778 1008 1857 poetae
1030 1770 1081 1834 alii
1101 1770 1232 1834 mutuati
1256 1777 1338 1846 sunt,
1361 1770 1414 1856 qui
1437 1771 1475 1835 de
1495 1772 1647 1838 sideribus
1665 1774 1837 1857 locutu-[ecl

616 1880 682 1936 rus,
705 1879 722 1922 a
745 1859 829 1923 eaelo
849 1857 881 1920 in
905 1876 968 1941 quo
988 1864 1061 1919 sunt
1082 1854 1181 1919 sidera
1203 1855 1365 1920 exordium
1387 1857 1570 1922 sumendum
1593 1879 1661 1923 esse
1683 1860 1787 1926 decer·

615 1964 710 2018 nens,
737 1943 775 2007 ab
796 1945 868 2007 love
888 1938 1096 2025 incipiendum
1119 1962 1187 2004 esse
1212 1941 1403 2007 memoravit.
1445 1942 1526 2006 Hinc
1546 1951 1578 2006 et
1598 1945 1677 2009 luno
1699 1966 1787 2012 soror
1798 1951 1839 2019 15

614 2029 684 2092 eius
709 2036 740 2092 et
763 2027 894 2092 coniunx
918 2033 1054 2092 vocatur.
1096 2027 1154 2089 Est
1174 2034 1276 2089 autem
1297 2029 1376 2090 luno
1399 2045 1468 2101 aer,
1506 2034 1538 2090 et
1555 2026 1668 2093 dieitur
1689 2050 1787 2108 soror,

616 2113 691 2197 quia
718 2113 815 2178 isdem
841 2111 1011 2176 seminibus
1037 2110 1150 2194 quibus
1177 2111 1295 2174 caelum
1321 2110 1415 2174 etiam
1442 2131 1495 2173 aer
1520 2122 1698 2196 procreatus
1731 2125 1788 2191 est,

617 2198 771 2272 coniunx,
791 2197 863 2282 quia
885 2216 938 2261 aer
958 2195 1114 2260 subiectus
1137 2202 1185 2259 est
1203 2196 1297 2259 caelo.
1341 2195 1398 2258 His
1420 2194 1495 2259 illud
1518 2195 1710 2262 adiciendum
1731 2206 1787 2277 est,
1800 2205 1839 2270 16

618 2281 704 2367 quod
732 2290 854 2367 praeter
883 2280 945 2346 duo
973 2280 1089 2345 lumina
1117 2287 1149 2343 et
1175 2280 1279 2343 stellas
1313 2279 1451 2363 quinque
1478 2300 1557 2364 quae
1595 2282 1789 2365 appellantur

618 2387 715 2450 uagae
738 2367 873 2451 reliquas
898 2386 1005 2430 omnes
1026 2365 1077 2428 alii
1103 2365 1212 2427 inlixas
1238 2364 1323 2427 caelo
1351 2384 1407 2427 nee
1432 2364 1490 2428 nisi
1515 2385 1584 2429 cum
1616 2367 1700 2431 eaelo
1724 2389 1789 2432 mo·

617 2452 694 2527 veri,
716 2451 777 2529 alii,
798 2471 929 2536 quorum
953 2448 1087 2514 adsertio
1105 2469 1178 2514 vero
1200 2448 1326 2532 propior
1346 2455 1402 2522 est,
1421 2446 1476 2511 has
1497 2470 1622 2534 quoque
1644 2450 1790 2517 dixerunt

619 2558 677 2601 suo
699 2544 795 2613 motu,
814 2535 1038 2633 praeterquod
1058 2555 1129 2599 cum
1147 2533 1224 2596 caeli
1245 2532 1446 2598 conversione
1464 2532 1615 2610 leruntur,
1635 2536 1790 2614 accedere,

620 2621 673 2686 sed
697 2631 822 2707 propter
843 2621 1070 2684 inmensitatem
1095 2618 1201 2683 extimi
1226 2617 1309 2703 globi
1333 2617 1511 2682 excedentia
1533 2619 1710 2686 credibilem
1733 2643 1793 2687 nu⁴

620 2729 739 2772 merum
768 2707 869 2771 secula
899 2707 933 2769 in
960 2725 1022 2769 una
1043 2724 1095 2768 eas
1117 2724 1227 2768 cursus
1256 2703 1304 2767 sui
1333 2702 1501 2768 ambitione
1524 2724 1721 2782 consumere,
1760 2715 1792 2773 et

621 2792 690 2856 ideo
712 2792 831 2857 nullum
854 2812 960 2855 earum
984 2798 1103 2853 motum
1124 2789 1163 2853 ab
1185 2788 1311 2852 bomine
1332 2788 1454 2865 sentiri,
1480 2811 1550 2854 cum
1574 2810 1637 2855 non
1660 2792 1792 2858 sufficiat

621 2877 773 2941 humanae
795 2877 882 2942 vitae.
899 2875 1033 2960 spatium
1057 2873 1094 2937 ad
1114 2873 1208 2938 breve
1228 2874 1336 2938 saltem
1360 2882 1508 2958 punctum
1531 2881 1595 2939 tam
1615 2876 1720 2941 tardae
1742 2899 1791 2942 ac·

622 2962 767 3026 cessionis
799 2959 1101 3046 deprehendendum.
1150 2958 1231 3022 Hinc
1258 2958 1379 3022 Tullius
1412 2958 1526 3023 nullius
1553 2968 1653 3024 sectae
1677 2962 1843 3029 insciusl'l

624 3047 777 3112 veteribus
800 3046 987 3132 approbatae
1007 3044 1098 3108 simul
1121 3043 1223 3127 attigit
1249 3050 1413 3127 utramque
1436 3044 1620 3109 sententiam
1646 3045 1793 3112 dicendo:

622 3134 827 3219 inquorum
852 3131 945 3217 infixi
970 3131 1017 3194 illi
1036 3130 1091 3216 qui
1115 3127 1276 3202 volvantur
1301 3128 1452 3194 stellarum
1475 3150 1581 3194 aureas
1606 3133 1794 3217 comprima:

623 3240 695 3282 nam
717 3227 749 3282 et
772 3217 884 3281 intixos
906 3214 1058 3294 dixit‚.et
1079 3235 1188 3282 cursus
1210 3212 1325 3278 habere
1349 3233 1412 3277 non
1436 3211 1542 3278 tacuit.

1418 3449 1502 3512 [Edd.
1522 3447 1727 3519 ricahgspdzlr.

624 3537 778 3589 cohercens
796 3531 826 3584 C.
844 3564 876 3571 -
895 3534 972 3585 deam
988 3534 1117 3586 vocavit
1133 3552 1186 3585 aaa
1202 3534 1272 3586 Brea.
1289 3534 1325 3595 [lx
1342 3550 1358 3586 a
1376 3551 1431 3585 see.
1453 3540 1514 3594 ιιι).
1533 3544 1610 3587 —ct
1626 3535 1735 3602 plenum
1752 3534 1797 3586 CF

624 3601 846 3655 salernum.
884 3603 992 3669 plenam
1010 3608 1078 3663 (am.
1097 3606 1135 3661 et)
1154 3602 1339 3654 naudaeus.
1362 3629 1396 3639 -
1418 3602 1520 3653 inditae
1536 3602 1665 3654 01121112
1682 3605 1799 3673 ,‚dngl.‚

626 3672 730 3721 Glosaa
745 3668 766 3719 [l
784 3688 818 3720 sc.
835 3672 945 3721 actae.“
979 3671 1113 3737 inclytae
1129 3670 1174 3720 vel
1193 3671 1317 3722 inclitae
1334 3668 1404 3720 Edd.
1421 3675 1449 3721 et
1463 3670 1531 3722 Mes.
1549 3672 1662 3738 reliqui.
1677 3700 1708 3709 —
1729 3673 1800 3739 quad

627 3744 697 3798 [am.
720 3743 757 3797 ct)
783 3737 833 3803 Cp.
858 3768 893 3776 —
914 3755 1002 3791 omnes
1022 3739 1085 3790 add.
1104 3753 1121 3789 a
1138 3753 1194 3789 aec.
1214 3754 1249 3788 rn.
1275 3737 1305 3789 C.
1328 3766 1363 3775 -
1389 3738 1465 3789 illam
1485 3740 1609 3806 primam
1632 3741 1683 3794 Rl.
1723 3741 1799 3791 illam

626 3811 696 3866 (om.
711 3808 828 3872 primae)
845 3804 914 3857 Brea.
1070 3809 1110 3856 14.
1148 3806 1348 3858 vocitaverant
1364 3814 1464 3859 veteres
1482 3807 1533 3859 Rl.
1550 3838 1585 3846 -
1601 3809 1691 3860 anima
1707 3808 1801 3860 mundi

627 3873 685 3924 CG.
703 3903 736 3911 —
754 3875 792 3924 Ab
811 3873 879 3941 love]
898 3874 975 3941 virg.
992 3872 1089 3939 Eclog.
1109 3872 1161 3938 lll,
1178 3877 1221 3925 69.
1239 3904 1273 3912 -
1293 3876 1325 3925 de
1343 3872 1436 3941 Arato]
1456 3890 1481 3923 v.
1503 3879 1525 3925 l.
1542 3904 1577 3914 -
1594 3892 1705 3927 emens
1720 3874 1800 3935 (add.

628 3942 662 3992 dc
680 3942 714 3992 alr
734 3943 793 3991 ead.
815 3947 866 4002 m.)
884 3942 915 3993 F.
938 3970 973 3979 -
994 3957 1012 3990 a
1028 3940 1087 3991 iove
1107 3940 1157 3989 lll.
1312 3945 1353 3991 15.
1389 3949 1414 3992 et
1433 3941 1499 3993 luae
1517 3959 1591 3994 soror
1610 3943 1679 3993 Mae.
1730 3943 1802 3992 Jaaa

628 4017 654 4060 et
677 4026 749 4060 soror
769 4009 840 4059 Edd.
862 4037 896 4048 -
920 4008 1034 4061 coniunx
1056 4006 1270 4058 Fsmav-zca.
1310 4008 1413 4060 conica
1437 4008 1526 4059 ermr.
1550 4036 1584 4045 —
1610 4009 1691 4057 Eine
1713 4014 1802 4056 autera

629 4078 692 4127 iuno
716 4078 814 4127 dicitur
837 4082 906 4137 (om.
930 4092 976 4126 aer
995 4080 1033 4135 ct)
1059 4074 1091 4124 F.
1111 4102 1147 4111 -
1171 4091 1217 4125 aar
1242 4074 1322 4125 etium
1344 4072 1376 4124 F.
1398 4101 1432 4110 —
1450 4081 1605 4139 procreatus
1621 4080 1660 4123 cst
1683 4070 1802 4121 crsssa.

630 4152 668 4194 est
683 4152 838 4211 procreatas
856 4143 1001 4193 unauna.
1034 4149 1189 4207 procreatus
1205 4142 1249 4193 rit
1267 4140 1318 4189 Rl.
1337 4167 1372 4177 ·-
1390 4156 1437 4190 aer
1452 4142 1573 4190 inactus
1591 4146 1629 4189 ert
1647 4137 1700 4187 Hl.

631 4216 673 4261 16.
711 4212 769 4261 llic
787 4212 855 4260 illud
875 4208 1084 4275 accipiendum
1101 4216 1138 4259 cet
1157 4225 1182 4258 v.
1201 4236 1236 4245 -
1253 4206 1416 4257 luminaria
1432 4204 1455 4253 F
1474 4222 1490 4255 e
1508 4221 1565 4254 aec.
1583 4221 1617 4255 ur.
1633 4229 1663 4241 -
1687 4208 1726 4253 eat
1742 4217 1804 4252 acro

627 4279 738 4345 propior
757 4278 806 4326 Rl.
841 4276 949 4341 propior
965 4282 1003 4325 cet
1022 4280 1098 4340 (sup.
1110 4275 1173 4335 add.
1186 4280 1261 4334 vero)
1281 4272 1311 4323 F.
1329 4300 1363 4310 -
1378 4273 1516 4339 proprio
1532 4280 1604 4323 mota
1620 4270 1650 4321 C.
1666 4297 1699 4307 -
1717 4269 1805 4321 recula

631 4352 708 4410 (sup.
727 4343 790 4391 add.
811 4342 905 4399 LXV)
922 4340 953 4389 F.
972 4368 1005 4378 —
1023 4358 1115 4391 earrsur
1132 4343 1174 4392 rui
1190 4342 1333 4392 ambitione
1351 4354 1397 4388 ear
1411 4337 1443 4389 F.
1463 4367 1494 4377 -
1512 4347 1546 4394 at
1561 4340 1636 4402 breve
1652 4337 1682 4390 h.

632 4417 675 4463 11.
712 4409 783 4457 Iliae
802 4413 909 4457 aetem
926 4405 957 4456 G.
975 4432 1008 4443 -
1026 4407 1121 4458 babae
1136 4426 1189 4460 aaa
1206 4409 1292 4461 tacuit
1309 4421 1401 4459 aursus
1418 4404 1450 4455 F.

670 4630 714 4678 13.
768 4621 871 4674 inditae
903 4636 934 4671 ca
969 4622 1019 4673 illa
1053 4622 1199 4690 purissima
1246 4641 1307 4675 rura
1324 4621 1731 4691 secuta],‚,‘l’radtaereautem
1744 4622 1807 4674 rul-

635 4703 720 4747 mente
738 4688 861 4756 rationis]
892 4688 935 4740 Cl.
953 4690 980 4753 l,
1001 4694 1048 4752 14,
1068 4692 1093 4739 6.
1112 4690 1199 4743 Habet
1249 4708 1286 4759 go
1310 4707 1421 4742 cursum
1447 4692 1522 4742 hune
1548 4690 1576 4741 in
1600 4692 1646 4743 XV
1671 4707 1808 4743 annorum

637 4780 702 4831 crgo
728 4769 753 4812 et
778 4757 950 4827 purissimam
978 4773 1009 4809 ea
1034 4764 1133 4820 mente,
1166 4760 1199 4810 de
1249 4758 1365 4810 milibus
1384 4758 1496 4825 peragi:
1520 4761 1568 4810 sed
1586 4759 1743 4812 Ptolemaei
1763 4773 1809 4809 ra·

637 4848 688 4897 qua
705 4836 743 4879 est
758 4834 834 4890 nalo,
849 4826 988 4888 rationem,
1006 4827 1076 4894 quad
1091 4820 1199 4891 λογικὸν
1249 4826 1289 4878 tio
1321 4827 1407 4878 lralret
1438 4830 1531 4888 36000¹
1550 4844 1645 4879 annos.
1681 4826 1809 4878 Aliarum
1919 4870 1925 4878 ,

637 4904 760 4957 uocatur,
797 4899 824 4942 et
843 4893 880 4943 ib.
902 4892 915 4958 5
936 4899 961 4943 1.
980 4887 1100 4960 λογικὸν,
1129 4896 1198 4960 quod
1248 4895 1313 4961 plus
1336 4895 1428 4945 minus
1447 4889 1564 4946 25200.“
1591 4895 1662 4947 Cau.
1703 4893 1809 4957 can,

637 4966 758 5015 innatum
777 4962 827 5011 ribi
844 4977 874 5011 er
888 4969 973 5012 mente
991 4962 1109 5028 sumpsit.
1250 4966 1293 5027 ll,
1309 4967 1327 5012 8
1343 4980 1402 5028 sqq.

674 5034 714 5079 14.
745 5030 784 5079 Ab
800 5029 859 5078 leue
871 5026 1042 5096 principium]
1059 5022 1121 5094 „’Ea
1131 5024 1200 5089 Διὸς
1286 5028 1435 5096 ambitione]
1453 5033 1481 5080 et
1498 5028 1527 5080 lr.
1546 5029 1565 5080 l.
1584 5034 1613 5082 et
1630 5046 1653 5078 c.
1671 5030 1715 5087 20,
1734 5025 1748 5090 5
1765 5028 1809 5074 26.

638 5092 814 5162 ἆρχῶμεσθα.
852 5095 913 5159 Quo
945 5095 1084 5161 principio
1113 5103 1142 5147 et
1172 5098 1201 5147 in
1251 5096 1325 5148 idenr
1355 5101 1399 5148 eet
1428 5097 1501 5161 quad
1536 5098 1608 5162 apud
1634 5093 1810 5162 probatiores

639 5165 801 5215 Ptolemaeo
829 5160 881 5226 [ld.
906 5163 1001 5231 xvii]
1027 5163 1200 5216 Theocritus
1251 5165 1406 5230 scriptores
1420 5166 1529 5227 ambita,
1541 5166 1576 5215 el.
1589 5163 1646 5214 Cic.
1659 5160 1735 5211 Tim.
1750 5174 1773 5208 c.
1784 5161 1810 5207 9

641 5230 684 5282 cit
703 5230 799 5279 usus.“
820 5228 892 5278 (lxm.
1256 5233 1320 5284 Cum
1335 5248 1362 5283 rc
1379 5238 1437 5283 oeta
1455 5232 1601 5284 ambitae
1619 5226 1743 5291 consectis
1756 5241 1811 5275 eurr
1852 5245 1855 5252 ·

675 5300 717 5348 16.
753 5294 917 5351 Eaeedcatia
935 5297 1084 5352 credibilem
1106 5314 1199 5352 auare·
1251 5299 1370 5353 cursibus
1388 5298 1426 5351 ad
1443 5298 1513 5351 idern
1535 5303 1615 5364 caput
1632 5293 1788 5345 retuterunt.

1647 5381 1675 5442 'l
