5092 6425
691 873 730 938 10
1159 859 1381 932 CICERONIS

686 1052 750 1108 tum
766 1036 861 1122 siqnis
880 1031 1015 1099 omnibus
1034 1030 1075 1096 ab
1092 1032 1283 1117 principium
1301 1028 1446 1114 stellisque
1471 1029 1614 1094 reuocatis
1635 1029 1784 1115 enpletum
1803 1054 1859 1096 an·

686 1147 760 1192 num
783 1121 894 1185 babeto.
936 1117 1038 1182 Huius
1060 1118 1177 1203 quidem
1197 1117 1275 1181 anni
1297 1115 1431 1179 nandum
1455 1115 1625 1206 uicesimum
1646 1126 1767 1200 partem
1785 1119 1858 1181 scito

655 1214 747 1278 besse
767 1224 945 1272 conversam
991 1201 1141 1278 Quocirca
1162 1201 1192 1265 si
1210 1200 1340 1264 reditum
1365 1201 1399 1264 in
1423 1199 1503 1264 bunc
1528 1201 1624 1265 locum
1644 1200 1859 1285 desperaveris,

686 1298 721 1360 in
745 1314 802 1380 qua
829 1290 932 1355 omnio
955 1298 1024 1350 sunt
1043 1287 1160 1372 maqnis
1180 1296 1207 1350 et
1231 1285 1452 1370 praestantibus
1476 1286 1569 1349 uiris:
1607 1287 1715 1371 quami
1739 1288 1859 1352 tandem

686 1368 728 1444 est
744 1380 802 1441 ista
822 1375 976 1440 bominum
993 1372 1106 1457 qloria,
1151 1393 1209 1437 uae
1225 1371 1379 1454 pertinere
1398 1370 1454 1433 oea
1473 1370 1514 1434 ad
1533 1371 1626 1434 unius
1647 1373 1725 1434 anni
1738 1383 1859 1456 partem

686 1465 826 1548 eaiquam
840 1458 955 1545 potest?
998 1457 1097 1542 Iqitur
1160 1479 1175 1519 e
1194 1465 1326 1540 spectare
1345 1456 1375 1518 si
1393 1455 1485 1530 uoles,
1511 1466 1598 1541 atque
1616 1455 1695 1519 bane
1714 1456 1812 1521 sedem
1832 1470 1860 1522 et

685 1560 835 1612 aeternam
854 1544 974 1606 domum
993 1542 1142 1616 contueri,
1168 1562 1263 1625 neque
1281 1552 1308 1605 te
1328 1539 1513 1604 sermonibus
1533 1540 1618 1624 uulqi
1634 1540 1783 1605 dedideris
1803 1564 1858 1608 nee

685 1635 720 1697 in
734 1630 881 1718 praemiis
901 1627 1041 1691 bumanis
1061 1648 1141 1711 spem
1158 1625 1300 1711 posueris
1325 1645 1429 1688 rerum
1455 1636 1585 1689 tuarum
1624 1623 1697 1690 Suis
1716 1636 1743 1690 te
1765 1649 1855 1712 opor-

683 1728 722 1782 tet
743 1714 895 1779 inlecebris
915 1711 983 1797 ipsa
1008 1711 1104 1775 uirtus
1129 1711 1231 1774 trabat
1253 1710 1295 1773 acb
1319 1709 1660 1795 connumeresque
1682 1711 1719 1774 cle
1748 1722 1775 1775 te
1799 1713 1857 1776 alii

684 1802 859 1887 loquantur,
887 1797 949 1882 ipsi
966 1797 1101 1868 uideant:
1131 1795 1182 1859 sed
1199 1795 1356 1880 loquentur
1373 1804 1479 1858 tamen.
1519 1794 1625 1861 Seruio
1644 1806 1741 1859 autem
1758 1799 1855 1861 munis

684 1887 732 1950 ibe
753 1895 779 1949 et
797 1883 943 1966 anqustiis
964 1882 1095 1968 cinqitur
1114 1881 1153 1944 iis
1177 1881 1335 1964 reqionum
1356 1900 1430 1963 quas
1450 1879 1547 1956 uides,
1581 1900 1797 1967 necunquam
1818 1883 1854 1947 ele

684 1971 744 2036 ullo
759 1969 902 2056 perennis
926 1967 1001 2050 suit,
1037 1977 1064 2030 et
1084 1965 1222 2030 obruitur
1242 1965 1397 2029 bominum
1417 1965 1555 2040 interitu,
1591 1975 1618 2029 et
1635 1966 1782 2032 oblivione
1795 1989 1853 2052 po·

684 2055 824 2121 steritatis
847 2052 1040 2136 extinguitur.
1253 2122 1255 2127 ,
1610 2108 1615 2118 .

774 2138 855 2202 VIII.
899 2135 983 2212 Quae
1002 2157 1070 2199 eum
1089 2134 1229 2198 linisset:
1264 2133 1329 2217 qu
1350 2154 1434 2208 uero,
1463 2133 1601 2219 inquam,
1632 2133 1791 2217 Asre'eane,
1825 2138 1854 2198 si

683 2225 801 2310 quidem
828 2222 898 2286 bene
922 2221 1035 2285 meritis
1058 2218 1094 2283 de
1113 2219 1219 2304 patria
1242 2219 1331 2303 quasi
1349 2218 1431 2284 limes
1455 2219 1496 2282 ad
1523 2219 1600 2282 caeli
1625 2219 1740 2283 mlum
1759 2232 1851 2304 patet,

682 2331 741 2395 qua
789 2329 861 2372 uam
878 2328 898 2369 a
916 2305 1052 2391 pueritia
1071 2304 1201 2388 oestiqiis
1222 2303 1373 2387 inpressas
1389 2303 1490 2388 patris
1510 2314 1536 2368 et
1553 2304 1614 2366 tuis
1633 2304 1737 2369 decori
1756 2318 1851 2369 oestro

682 2414 744 2457 non
786 2393 863 2477 esui,
898 2399 1097 2455 cunctamen
1123 2389 1404 2473 tantapraemioe
1448 2389 1522 2452 osita
1545 2389 1643 2452 utitur
1662 2390 1753 2454 mulo
1776 2392 1851 2474 oiqi·

652 2478 800 2543 2lantius.
848 2477 888 2540 Et
911 2475 977 2539 ille:
1016 2474 1061 2537 Tu
1082 2494 1151 2537 oero
1174 2472 1283 2537 enuere
1305 2483 1332 2536 et
1350 2472 1394 2536 sic
1435 2472 1532 2550 abeto,
1565 2494 1627 2536 non
1648 2496 1708 2538 esse
1728 2486 1756 2539 te
1771 2496 1850 2538 uior-

681 2562 781 2635 talem,
810 2559 861 2622 sed
879 2579 988 2643 eorpus
1009 2558 1080 2621 boc:
1112 2578 1165 2620 nec
1185 2556 1265 2620 enim
1283 2567 1316 2619 tu
1333 2557 1361 2619 is
1380 2579 1424 2633 es,
1454 2578 1539 2642 quem
1557 2557 1657 2638 forma
1677 2559 1734 2621 ista
1754 2559 1850 2623 deela-

681 2656 744 2708 rat:
777 2643 829 2706 sed
848 2663 929 2706 mens
950 2642 1106 2725 cuiusque,
1133 2641 1160 2703 is
1180 2650 1221 2702 est
1237 2641 1374 2737 quisque,
1401 2662 1465 2707 uon
1486 2664 1521 2707 ea
1537 2642 1638 2726 fiqura
1659 2663 1735 2726 quae
1756 2644 1849 2727 diqita

681 2727 882 2792 demonstrari
900 2735 1004 2810 potest.
1053 2726 1151 2789 Deum
1176 2734 1203 2788 te
1229 2725 1324 2808 iqitur
1343 2727 1415 2791 scita
1441 2747 1514 2801 esee,
1542 2726 1694 2811 'siquidem
1714 2739 1755 2791 est
1777 2730 1854 2791 clercs⁴

680 2814 736 2898 qui
753 2814 844 2896 oiqet,
871 2810 926 2897 qui
944 2811 1044 2884 sentit,
1073 2811 1126 2895 qui
1145 2810 1291 2884 meminit,
1320 2811 1375 2895 qui
1386 2811 1541 2896 procidet,
1575 2812 1629 2896 qui
1646 2822 1705 2875 tam
1727 2815 1802 2897 reqit
1824 2823 1852 2876 et
1892 2872 1895 2875 ,

680 2897 851 2961 nuderatur
870 2905 897 2958 et
913 2905 1006 2959 monet
1025 2893 1058 2959 ib
1080 2909 1189 2980 corpus
1207 2895 1259 2958 cui
1270 2897 1463 2980 praepositus
1483 2905 1537 2971 est,
1556 2917 1646 2981 quam
1662 2896 1743 2960 bunc
1761 2919 1847 2962 mun-

681 2981 819 3047 dumille
835 2980 977 3066 princeps
999 2979 1088 3044 teu:
1120 2990 1147 3043 et
1165 2991 1200 3044 ut
1218 2980 1363 3045 mundum
1383 3003 1422 3044 en
1442 2980 1572 3066 modam
1587 2992 1677 3064 parte
1695 2984 1847 3047 mortalem

650 3064 1846 3219 sbti.‘bb“llllulnllbtttttlmbtttbllbmlb

1145 3198 1154 3225 ‚
1399 3199 1406 3214 ,
1595 3197 1597 3201 ,
1832 3188 1845 3200 .

677 3238 738 3322 fert
763 3171 1013 3320 alicuiquollque
1039 3235 1138 3320 ipsum
1164 3236 1297 3319 aqitatur
1325 3170 1466 3307 aliunde?
1499 3233 1619 3320 quanda
1641 3235 1732 3320 finem
1760 3237 1847 3301 babet

678 3333 786 3396 motus,
820 3320 942 3384 uiuendi
959 3320 1046 3383 bnem
1073 3318 1177 3383 babeat
1197 3339 1310 3384 neeesse
1336 3330 1385 3385 est.
1411 3382 1416 3393 ,
1438 3316 1542 3384 Solum
1566 3319 1661 3403 iqitur
1688 3322 1768 3405 quod
1787 3345 1848 3386 sese

678 3417 786 3484 mouet,
815 3405 887 3491 quia
907 3425 1070 3491 numquam
1089 3404 1236 3470 leserimr
1256 3426 1276 3468 a
1296 3426 1336 3481 se,
1357 3424 1519 3490 numquam
1539 3423 1577 3467 ne
1594 3407 1710 3470 moneri
1729 3407 1847 3490 quidem

745 3590 814 3641 Mae·
837 3590 1077 3653 numentum]

676 3692 742 3726 cum
759 3676 791 3725 ab
809 3676 899 3726 eadem
917 3692 946 3737 ος
969 3674 1074 3726 comm.
1091 3675 1110 3725 1,
1129 3691 1153 3725 e.
1168 3674 1235 3725 Mae.
1256 3673 1391 3739 plerique.
1408 3702 1442 3713 -·
1459 3676 1554 3728 iterum
1570 3692 1623 3727 om.
1643 3676 1680 3727 M.
1695 3705 1729 3715 -
1748 3680 1846 3731 stellis-

677 3758 727 3821 que
743 3741 779 3792 ad
795 3742 954 3807 principium
970 3742 1099 3793 reuocatis
1116 3741 1153 3791 vi.
1188 3742 1322 3809 stellisque
1338 3742 1374 3793 aa
1392 3741 1474 3794 idem
1494 3743 1606 3809 princip.
1624 3760 1705 3797 revoc.
1729 3761 1771 3795 ea·
1808 3749 1845 3797 ad

675 3809 758 3860 erlem
776 3808 889 3873 princip.
910 3809 1043 3874 stellisque
1060 3824 1143 3859 reuoe.
1166 3824 1218 3873 μς
1247 3807 1352 3859 Coeum.
1374 3808 1393 3858 Ι.
1417 3826 1441 3859 e.
1469 3810 1535 3861 Mes.
1559 3826 1664 3861 omncs.
1688 3838 1720 3847 —
1748 3828 1844 3876 enem-

673 3875 757 3954 plum
775 3891 873 3925 annum
896 3873 933 3925 Μ.
953 3900 986 3911 -
1009 3874 1096 3924 babeo
1120 3874 1154 3954 P.
1170 3902 1193 3911 -
1224 3876 1309 3927 Cuius
1327 3876 1430 3955 quidem
1445 3878 1510 3926 anni
1529 3877 1582 3927 vie.
1617 3877 1704 3957 Huius
1722 3881 1845 3959 quippe

676 3960 744 4071 llll:
761 3940 832 4072 1lita)
856 4024 880 4058 v.
900 4034 931 4045 -
943 3941 1274 4075 5lulqllblallmlblelll1i
1303 3944 1583 4076 -wcllqslellallllbunc
1600 3946 1693 4062 blm?
1711 3946 1845 4066 quqsqqprnq

674 4076 774 4128 BPRl.
809 4075 928 4143 eligere
945 4076 978 4126 G.
996 4102 1028 4121 ι-
1051 4075 1183 4127 dedideris
1201 4073 1328 4128 BTPRl.
1364 4078 1480 4128 dederis
1497 4078 1620 4130 Fumea
1637 4079 1706 4130 Eoo.
1730 4109 1756 4118 -
1782 4083 1844 4133 ille-

675 4144 755 4262 cebrqs
777 4142 1033 4261 ‘'pssslessffiluq-
1047 4139 1126 4259 quqql
1147 4144 1180 4224 cle
1201 4151 1226 4195 te
1248 4145 1339 4262 vbT-
1363 4145 1455 4197 Sermo
1472 4146 1540 4197 enim
1563 4146 1608 4197 ille
1625 4148 1708 4197 omnis
1731 4148 1784 4199 vie.
1809 4176 1843 4186 -

594 4228 602 4240 ·
673 4228 707 4263 us
748 4229 772 4262 u.
825 4229 848 4262 es
1008 4226 1090 4277 recog
1119 4249 1124 4260 .
1159 4227 1262 4262 ess-om.
1311 4248 1317 4261 .

741 4295 818 4358 vm,
841 4298 864 4345 1.
901 4314 915 4345 o
935 4296 1061 4360 Africano
1079 4293 1119 4343 Rl
1141 4309 1231 4345 neec.
1251 4311 1286 4345 m.
1308 4296 1342 4361 (g
1359 4295 1456 4362 Apus.)
1474 4314 1497 4347 u.
1524 4324 1552 4333 -
1577 4295 1696 4363 equidem
1717 4296 1786 4359 (em.
1804 4300 1842 4361 ei)

673 4359 709 4411 s.
725 4361 1481 4481 a.“llllblu'5l⁰’.”¹·.;;.ttll.ft.illi·
1498 4364 1767 4481 ‘llll'ttldf
1785 4382 1843 4482 {fil

672 4444 716 4544 tube
735 4461 788 4542 oni.
807 4494 861 4557 gG.
1013 4498 1039 4544 2.
1063 4463 1119 4548 'Tu
1135 4445 1197 4546 bero
1278 4496 1374 4560 mouet]
1395 4468 1429 4547 el.
1450 4448 1614 4560 ebulliit,
1635 4501 1681 4558 12,
1703 4501 1726 4545 1.
1746 4526 1778 4535 -
1802 4500 1841 4547 'su

672 4559 895 4610 111119111-
923 4568 948 4612 et
965 4568 990 4611 le
1006 4562 1168 4614 babelonau
1183 4579 1239 4612 esee
1254 4564 1391 4615 mortalem
1411 4564 1465 4615 vie.
1504 4574 1529 4617 sl
1547 4566 1583 4615 sic
1599 4564 1694 4614 luabeto
1716 4581 1769 4613 non
1786 4580 1841 4613 esse

671 4634 697 4679 le
716 4635 790 4677 mort.
812 4644 838 4677 e.
879 4636 904 4679 te
923 4629 986 4679 add.
1009 4646 1095 4680 esee.
1116 4646 1152 4677 m.
1171 4636 1233 4694 post
1251 4631 1389 4682 mortalem
1410 4632 1439 4682 F.
1462 4660 1495 4672 -·
1519 4633 1606 4699 igitur
1628 4630 1691 4678 scito
1711 4636 1736 4678 te
1758 4645 1784 4693 g.
1806 4656 1840 4667 -

671 4693 736 4774 depe
754 4700 792 4745 est
811 4695 885 4775 biga.
907 4722 935 4733 -
958 4696 1004 4760 qui
1018 4697 1171 4776 praevidet
1195 4695 1217 4744 F
1237 4712 1254 4747 ιι
1272 4714 1298 4763 p.
1317 4713 1353 4748 m.
1377 4725 1406 4737 -·
1431 4708 1457 4751 et
1474 4700 1503 4749 id
1517 4703 1603 4749 movet
1620 4710 1712 4759 corpus
1734 4695 1788 4778 Rl¹¹
1805 4724 1841 4735 -

668 4776 789 4877 libb?
806 4762 852 4879 “b
872 4777 901 4878 fii
918 4763 1429 4899 ...1111111111111111
1445 4761 1753 4886 :nummu
1770 4763 1839 4880 bb:

669 4907 686 4942 a
710 4909 766 4943 ceo.
789 4898 848 4953 m).
874 4921 901 4931 -
925 4894 1041 4958 quadam
1060 4902 1137 4961 parte
1155 4896 1224 4958 (om.
1248 4898 1294 4963 en)
1315 4898 1421 4949 Coum.
1441 4897 1459 4951 Ι.
1484 4911 1508 4945 e·
1532 4895 1600 4945 bles.
1623 4910 1711 4959 paene
1733 4914 1838 4949 omnes.

669 4986 703 4998 -··
723 4961 852 5012 mortalis
875 4959 937 5010 Ta.
959 4986 993 4998 -·
1015 4961 1129 5011 oeternis
1145 4961 1178 5012 P.
1331 4969 1357 5015 3.
1397 4965 1465 5014 Nam
1483 4962 1552 5028 quod
1629 4970 1654 5014 el
1673 4972 1782 5016 aeterna
1801 4974 1839 5018 esl

669 5026 736 5090 (tx,
756 5027 769 5092 5
789 5026 840 5092 1)]
859 5028 894 5077 el.
914 5026 1020 5078 comm.
1039 5027 1080 5090 ΙΙ,
1102 5030 1147 5090 13,
1168 5031 1231 5081 1-5.
1265 5029 1343 5095 Diep.
1362 5028 1447 5080 Tuae.
1465 5030 1492 5090 l,
1511 5033 1553 5081 23.
1589 5030 1699 5082 Platon.
1717 5032 1838 5083 Phoebe.

668 5111 685 5159 p
708 5096 759 5145 245
775 5094 871 5159 Steph.
887 5122 919 5131 -
936 5095 1022 5161 ipsum
1039 5110 1092 5146 om.
1110 5110 1135 5144 n·
1151 5120 1183 5132 -
1198 5098 1307 5148 aliunde
1325 5096 1402 5148 BMP
1418 5097 1487 5149 mdo.
1506 5098 1545 5159 (ἔς
1568 5097 1673 5149 Comen.
1692 5101 1710 5149 1.
1727 5117 1749 5149 e.
1770 5100 1838 5149 Mae.

667 5160 803 5226 plerique.
839 5162 972 5214 alicunde
986 5160 1105 5215 FTlem.
1122 5168 1220 5228 -qui
1230 5166 1315 5229 fineen
1331 5163 1365 5214 B.
1383 5193 1410 5203 -
1425 5166 1556 5217 mouendi
1566 5169 1651 5231 finem
1668 5166 1699 5218 P.
1717 5196 1751 5206 -
1768 5167 1838 5231 quod

666 5237 729 5283 cecc
743 5237 829 5283 mouet
850 5228 1059 5297 iceguBFRlG.
1099 5230 1170 5297 quau
1191 5246 1223 5285 ee
1245 5238 1331 5286 mouet
1353 5232 1411 5294 (Re
1434 5248 1497 5301 ap.
1515 5239 1567 5296 m.)
1592 5251 1616 5286 v.
1657 5236 1726 5301 quod
1747 5235 1784 5286 de
1806 5250 1838 5286 se
