5092 6425
793 906 929 974 COMM.
949 907 994 975 IN
1014 905 1140 975 SOMN.
1161 906 1259 976 SCIP.
1303 910 1425 975 LIB.1.
1470 913 1558 980 GAP.
1580 919 1619 981 Π.
1751 921 1791 987 ta

618 1076 764 1141 omnibus
788 1074 973 1161 adquiescit,
1008 1082 1038 1140 et
1059 1082 1096 1141 ut
1120 1075 1205 1140 facile
1227 1078 1343 1141 secerni
1366 1079 1477 1162 possit,
1498 1088 1634 1165 quaeest
1656 1084 1704 1149 his
1723 1107 1740 1150 a
1758 1110 1791 1152 se

617 1162 755 1238 abdicet,
790 1182 826 1225 ac
853 1161 938 1225 velut
960 1161 1086 1245 prolana
1107 1162 1145 1225 ab
1171 1161 1238 1246 ipso
1262 1163 1414 1227 vestibulo
1445 1185 1546 1229 sacrae
1574 1167 1790 1250 disputationis

617 1247 777 1323 excludat,
799 1266 877 1331 quae
899 1266 973 1310 vero
994 1245 1086 1309 etiam
1109 1267 1199 1329 saepe
1220 1267 1254 1309 ac
1276 1247 1407 1311 libenter
1430 1249 1583 1328 admittat,
1605 1252 1790 1319 divisionum

618 1332 766 1416 gradibus
787 1330 1002 1414 explicandum
1023 1337 1078 1392 est.
1121 1330 1269 1406 Fabulae,
1302 1353 1432 1415 quarum
1453 1355 1566 1399 nomen
1590 1337 1703 1403 indicat
1725 1337 1819 1402 lalsi’l

618 1416 857 1564 professionem,
891 1422 944 1478 aut
963 1422 1083 1478 tantum
1107 1414 1311 1478 conciliandae
1332 1416 1458 1480 auribus
1479 1419 1644 1504 voluptatis
1666 1431 1720 1488 aut
1739 1423 1790 1488 ad·
1804 1421 1840 1489 [⁸]

642 1499 803 1564 ortationis
824 1520 949 1584 quoque
973 1499 1004 1561 in
1023 1497 1135 1562 bonam
1156 1499 1275 1583 lrugem
1294 1503 1389 1582 gratia
1409 1511 1548 1584 repertae
1570 1514 1652 1570 sunt.
1693 1507 1821 1574 Audi-8

619 1593 687 1649 tum
710 1585 860 1659 mulcent,
890 1584 975 1648 velut
996 1583 1187 1660 comoediae,
1215 1584 1320 1668 quales
1342 1586 1514 1650 Menander
1535 1589 1639 1654 eiusve
1657 1591 1791 1657 imitato·

620 1677 702 1734 tores
728 1669 860 1754 agendas
887 1669 1053 1744 dederunt,
1091 1657 1139 1733 vel
1164 1676 1344 1751 argumenta
1370 1670 1448 1734 fictis
1477 1671 1596 1737 casibus
1620 1684 1791 1742 amatorum

619 1754 746 1831 referta,
787 1753 900 1838 quibus
926 1754 975 1818 vel
1003 1753 1135 1817 multum
1163 1773 1197 1816 se
1223 1753 1350 1818 Arbiter
1382 1756 1519 1819 exercuit
1549 1758 1596 1821 vel
1622 1760 1791 1843 Apuleium

619 1859 856 1922 nonnumquam
893 1837 1002 1902 lusisse
1036 1837 1192 1900 miramur.
1252 1839 1319 1901 Hoc
1351 1845 1451 1904 totum
1487 1839 1658 1908 fabularum
1694 1864 1792 1928 genus

619 1923 706 2007 quod
727 1924 806 1986 solas
829 1922 949 1986 aurium
976 1920 1100 1985 delicias
1127 1920 1290 2018 profitetur
1310 1943 1327 1986 e
1349 1924 1480 1988 sacrario
1502 1946 1560 1990 suo
1580 1927 1612 1991 in
1635 1927 1791 1993 nutricum

619 2028 716 2072 cunas
739 2006 905 2090 sapientiae
926 2012 1074 2070 tractatus
1095 2004 1241 2069 eliminat
1284 2008 1333 2071 Ea
1353 2007 1390 2071 iis
1410 2015 1513 2073 autem
1535 2031 1615 2095 quae
1636 2013 1674 2076 ad
1695 2013 1822 2097 quan-9

620 2093 692 2156 dam
714 2093 865 2156 virtutum
886 2090 1020 2176 speciem
1048 2089 1238 2154 intellectum
1261 2090 1390 2174 legentis
1412 2092 1575 2159 hortantur
1599 2095 1633 2158 tit
1658 2098 1793 2162 secunda
1826 2122 1858 2171 -ς

621 2176 776 2240 discretio.
823 2177 861 2240 ln
888 2174 1072 2274 quibusdam
1098 2174 1181 2238 enim
1210 2183 1242 2238 et
1265 2183 1481 2260 argumentum
1509 2199 1548 2242 ex
1575 2179 1645 2244 ficto
1674 2181 1793 2247 locatur

621 2270 656 2325 et
683 2281 738 2344 per
765 2261 924 2324 mendacia
950 2260 1016 2344 ipse
1045 2259 1201 2323 relationis
1229 2259 1305 2323 ordo
1334 2261 1523 2338 contexitur,
1560 2270 1597 2325 ut
1622 2273 1695 2328 sunt
1721 2267 1792 2330 illac

621 2344 740 2428 Aesopi
761 2343 882 2408 fabulae
910 2342 1061 2428 elegantia
1083 2343 1214 2408 fictionis
1238 2343 1397 2409 inlustres:
1434 2353 1467 2409 at
1488 2344 1521 2408 in
1543 2345 1793 2430 aliis-argumen-

622 2439 693 2495 tum
717 2428 842 2513 quidem
864 2428 1010 2493 landatur
1036 2427 1099 2492 veri
1128 2427 1295 2506 soliditate,
1332 2430 1385 2493 sed
1409 2428 1484 2494 haec
1510 2429 1575 2515 ipsa
1600 2431 1712 2496 veritas
1739 2453 1795 2516 per
1935 2492 1937 2495 .

620 2514 773 2599 quaedam
797 2512 966 2598 composita
987 2519 1020 2577 et
1046 2511 1116 2577 licta
1137 2512 1308 2598 profertur,
1341 2522 1374 2578 et
1396 2513 1455 2578 boc
1482 2514 1543 2578 iam
1569 2523 1697 2581 vocatur
1723 2537 1792 2581 nar·
1874 2566 1877 2570 -

621 2599 702 2663 ratio
724 2598 878 2674 fabulosa,
911 2618 975 2661 non
997 2595 1119 2673 sabula,
1141 2605 1177 2661 ut
1199 2605 1272 2662 sunt
1293 2598 1528 2663 cerimoniarum
1549 2621 1647 2677 sacra,
1673 2606 1709 2667 nl
1729 2602 1791 2666 He·

620 2683 700 2749 siodi
718 2690 750 2748 et
771 2681 889 2768 Orphei
912 2701 992 2767 quae
1013 2681 1052 2745 de
1073 2681 1201 2747 deorum
1229 2683 1375 2768 progenie
1402 2691 1511 2749 actuvc
1537 2693 1715 2764 narrantur,
1754 2693 1792 2752 ut
1831 2698 1833 2702 '

1737 2784 1751 2811 0

1414 2835 1498 2899 [Edd.
1517 2835 1723 2906 vicahgspdab.

623 2924 666 2971 va.
818 2921 844 2968 6.
879 2923 1015 2986 repugnat
1030 2917 1199 2984 philosophia
1217 2933 1279 2985 v—g.
1299 2946 1332 2957 -
1359 2920 1399 2971 ab
1416 2936 1449 2972 se
1463 2920 1533 2971 Edd.
1547 2921 1578 2973 P.
1600 2948 1633 2960 -
1655 2922 1795 2975 abducat

622 2995 698 3052 (sup.
715 2985 830 3046 abdicet)
848 2985 901 3036 Β2.
919 3011 951 3023 -
968 2986 1001 3035 ab
1014 2985 1078 3036 isto
1095 2985 1119 3036 P
1136 2986 1193 3045 (82
1209 3003 1270 3052 sup.
1284 2987 1364 3052 ipro).
1380 3013 1414 3025 -
1432 3004 1524 3038 sacrae
1541 2990 1730 3056 disputationis
1746 3007 1794 3040 aa·

622 3055 718 3105 stibulo
737 3054 790 3103 32.
814 3079 847 3091 -
868 3068 937 3119 quae
953 3068 1014 3103 uero
1033 3051 1101 3103 Mes.
1120 3051 1175 3105 ruei
1194 3060 1222 3103 et
1241 3051 1391 3114 Groaorii,
1415 3053 1648 3107 recusabant..
1684 3072 1795 3123 quaeue

621 3122 692 3172 Edd.
726 3137 800 3188 qaas
821 3136 882 3172 uera
903 3124 946 3179 (et
969 3119 1054 3184 paulo
1078 3133 1162 3184 supra
1183 3136 1255 3185 quas
1278 3154 1321 3171 ...
1342 3122 1482 3186 profanas
1508 3138 1627 3190 „nempe
1648 3123 1795 3183 fabular“)

623 3188 697 3239 coni.
712 3188 796 3239 Gran.
812 3215 847 3227 --
863 3188 991 3239 admittit
1007 3185 1039 3237 F.
1056 3215 1085 3225 -—
1106 3187 1291 3253 explicandum
1304 3192 1372 3248 (om.
1387 3192 1439 3247 est)
1457 3187 1553 3256 vichg.
1703 3196 1730 3244 7,
1765 3191 1796 3244 irs

624 3259 720 3308 bonam
738 3263 865 3322 partem
883 3263 913 3307 ct
931 3256 967 3306 in
979 3258 1091 3322 frugem
1109 3255 1151 3304 fta
1170 3270 1187 3305 a
1206 3271 1261 3306 sec.
1280 3272 1318 3305 m.
1344 3282 1372 3292 -
1398 3256 1564 3308 hortationis
1587 3255 1642 3306 Fla.

622 3328 650 3375 8.
687 3323 879 3383 autaurlitum
895 3323 1037 3373 malciunt
1058 3323 1110 3372 Hs.
1146 3321 1234 3372 1an
1253 3323 1721 3387 supraauditumadd.asec.m·
1741 3324 1796 3375 Aut

623 3390 703 3441 enim.
727 3417 759 3426 -
783 3390 833 3441 acl
851 3390 998 3440 comaediae
1020 3388 1064 3440 Bs
1084 3389 1141 3452 (Ra
1159 3390 1347 3462 sup-§celatim
1381 3397 1415 3442 ut
1434 3406 1497 3445 com.
1518 3390 1593 3454 (sup.
1612 3390 1669 3453 uei)
1687 3389 1739 3438 Rl.
1760 3415 1797 3426 -

622 3459 668 3509 uel
687 3453 936 3525 sunt'argumcnta
951 3456 1022 3506 Bra.
1040 3484 1074 3493 -
1091 3457 1123 3506 in
1141 3456 1234 3522 quibus
1251 3457 1293 3506 uel
1306 3456 1418 3506 multum
1436 3471 1506 3507 esre
1523 3457 1658 3507 Arbitrum
1676 3452 1796 3520 (omissa

623 3526 713 3575 verbo
731 3525 856 3585 erercuit,
874 3524 946 3590 quod
968 3523 1053 3574 etiarn
1073 3526 1090 3573 ts
1107 3523 1129 3573 P
1147 3524 1241 3583 abest)
1260 3523 1300 3587 G,
1318 3539 1398 3588 quem
1414 3522 1462 3589 qui
1480 3522 1612 3587 contulit,
1631 3520 1796 3590 adscripsitt

623 3591 687 3656 „ita
703 3590 833 3641 Wouwer
854 3590 883 3642 iu
903 3591 962 3641 rita
981 3589 1135 3642 Petronii.“
1170 3589 1249 3641 ldem
1270 3589 1378 3656 recepit
1397 3588 1494 3641 Carrio
1512 3590 1540 3641 iu
1563 3590 1606 3641 ed.
1626 3590 1724 3656 Steph.
1742 3594 1797 3653 (s),

624 3659 682 3711 nisi
700 3659 771 3723 quod
791 3658 839 3709 hio
857 3658 953 3710 amisit
966 3659 1010 3718 inr
1032 3658 1112 3708 Pont.
1130 3656 1178 3723 qui
1196 3656 1335 3709 restituit:
1353 3659 1446 3723 quibus
1464 3658 1506 3709 uel
1521 3658 1632 3710 multura
1648 3674 1675 3708 se
1693 3657 1798 3710 Arbiter

623 3727 749 3785 exercuit,
767 3724 925 3776 adnotavit:
944 3723 1072 3789 „Tamen
1089 3725 1162 3791 quod
1176 3724 1308 3805 suggerit
1321 3724 1494 3791 Stephanus:
1517 3726 1616 3791 Quibus
1627 3726 1668 3777 cel
1685 3725 1798 3776 multum

623 3810 681 3845 csse
696 3794 841 3854 Arbitrum,
860 3792 885 3843 si
904 3808 938 3843 cx
956 3792 1038 3844 libris
1053 3797 1106 3854 est,
1123 3809 1177 3843 non
1197 3792 1369 3858 displicebit,
1408 3792 1461 3853 aad
1479 3792 1513 3843 ab
1532 3792 1597 3850 aliis
1615 3790 1732 3843 iamdiu
1747 3791 1798 3843 ob·

623 3866 781 3912 serratum:
802 3860 837 3911 ln
855 3860 947 3925 quibus
963 3862 1038 3911 etc.“
1072 3860 1227 3912 seabesta
1245 3860 1361 3911 membr.
1407 3859 1480 3911 arth.
1496 3861 1515 3912 Ι.
1531 3877 1555 3912 c.
1573 3888 1607 3901 -
1623 3858 1796 3911 miraturG.

624 3956 660 3966 -
680 3930 820 3993 profitetur
843 3920 954 3978 delicias
975 3926 1007 3979 F.
1030 3954 1064 3965 -
1089 3944 1107 3977 a
1129 3928 1246 3978 sacrario
1269 3928 1346 3993 (sup.
1369 3927 1397 3990 e)
1421 3927 1470 3977 Ra.
1623 3932 1648 3978 9.
1684 3928 1728 3977 Er
1746 3926 1797 3976 lrir

624 3996 666 4048 Rs
687 3995 755 4045 Edd.
776 3999 888 4059 praeter
904 4009 932 4061 g.
951 4021 985 4031 -
1008 3996 1136 4047 uirtutum
1153 3995 1222 4045 Mea.
1242 3992 1470 4061 r-gBaa.Barr.Ir.
1505 3992 1622 4043 virtutis
1638 3992 1696 4042 r-b.
1714 4017 1747 4029 -
1760 3994 1799 4057 fit

624 4063 742 4114 secunda
765 4062 861 4112 divisio
887 4060 918 4111 1..
957 4060 1022 4112 Huc
1042 4061 1155 4113 ridetur
1183 4061 1324 4126 pertinere
1351 4059 1424 4126 quod
1453 4059 1559 4125 legitur
1585 4057 1613 4107 in
1638 4072 1729 4123 marg.
1754 4057 1798 4109 ed.

624 4129 717 4181 Stoer.
737 4128 771 4194 [s.
787 4129 806 4178 l.
827 4128 1006 4193 1597.12⁰.],
1032 4129 1145 4191 directo,
1176 4128 1249 4179 uude
1265 4129 1343 4179 Paul.
1364 4127 1449 4191 paulo
1465 4140 1551 4191 supra
1571 4121 1644 4173 coni.
1661 4124 1799 4191 sapientia

625 4198 776 4249 dierecto
794 4196 923 4257 eliminat,
942 4212 1097 4261 provocans
1114 4196 1148 4247 ad
1166 4194 1281 4246 Festum
1300 4199 1329 4245 et
1346 4193 1489 4245 Plautum.
1507 4217 1541 4229 -
1559 4188 1700 4305 Aesopias
1719 4189 1799 4255 mgb}

625 4264 721 4328 „qaod
743 4263 826 4314 valde
846 4263 976 4328 probem,
1007 4262 1033 4314 si
1055 4279 1126 4329 quae
1149 4260 1301 4313 habuerint
1318 4261 1506 4311 membranae.
1540 4255 1619 4307 Phae
1641 4271 1688 4306 ras
1709 4254 1800 4307 libror

626 4346 696 4382 auos
715 4330 815 4397 Aesopi
821 4347 897 4381 arum
909 4330 1067 4394 fabularum
1085 4329 1225 4392 inscribit,
1243 4328 1325 4379 Theo
1346 4326 1475 4392 sophista
1493 4320 1676 4383 Αἰσωπείους
1693 4317 1799 4389 λόγους,

624 4396 808 4462 Aphthonius
824 4390 990 4447 Αἰσώπειον
1009 4397 1133 4463 μῦθον.“
1151 4398 1236 4449 Gran.
1256 4424 1288 4433 -
1307 4396 1410 4460 quidem
1428 4398 1615 4460 argumentum
1633 4389 1683 4441 Rl.
1700 4415 1733 4426 -
1750 4405 1799 4439 re·

620 4468 715 4531 fertur
736 4469 809 4529 (sup.
826 4470 889 4529 pro)
911 4463 986 4513 nna.
1010 4492 1037 4502 -
1061 4473 1087 4516 et
1104 4466 1185 4516 baec
1205 4466 1260 4516 iam
1282 4462 1353 4528 v-gb
1375 4460 1496 4524 „melior
1513 4462 1541 4510 et
1563 4457 1679 4524 linguae
1699 4472 1801 4508 couve-

625 4529 752 4582 nientior
769 4530 881 4582 lectio.“
901 4531 985 4581 Zeun.
1001 4556 1036 4569 -
1056 4532 1185 4595 fabulosa
1201 4531 1323 4582 narratio
1342 4527 1481 4579 s-ur’rtre.
1498 4551 1531 4563 -
1552 4532 1583 4576 ut
1600 4524 1801 4575 cerimoniarum

626 4606 660 4660 (r
676 4606 704 4649 ut
717 4607 791 4651 sunt
808 4600 911 4663 carim.)
929 4614 1006 4650 sacra
1024 4597 1134 4650 Hesiodi
1150 4607 1174 4651 et
1196 4597 1292 4664 Orphei
1308 4598 1376 4661 (om.
1395 4602 1425 4646 ut
1440 4609 1490 4643 nec
1509 4590 1603 4658 posita
1620 4589 1801 4656 distinctione

625 4672 694 4719 ante
710 4666 834 4727 Hesiodi]
853 4682 915 4733 v-g.
951 4665 1090 4731 „Probius
1109 4667 1180 4718 duae
1198 4672 1308 4718 veteres
1326 4662 1504 4714 membranae
1520 4657 1684 4727 disiungant
1699 4658 1802 4712 haec.“

662 4804 688 4851 8.
724 4798 896 4869 argumenta]
926 4796 1046 4865 Quintil.
1064 4794 1109 4859 11,
1126 4799 1192 4859 4,2
1240 4794 1379 4860 miramur]
1407 4792 1525 4846 Scilicet
1546 4791 1573 4844 in
1591 4788 1802 4856 Metamorpho-

627 4876 873 4938 argumcntum,
907 4868 977 4933 quod
1002 4865 1108 4930 salsum
1146 4864 1191 4915 sed
1242 4882 1310 4917 seon
1335 4861 1426 4913 libris.
1462 4860 1567 4928 Quanti
1585 4858 1734 4927 Apuleium
1754 4874 1803 4909 ae-

627 4954 691 4988 vera
707 4936 793 4987 simile
808 4936 958 4987 comoediae
971 4935 1089 5000 fingunt,
1105 4947 1192 4997 oppa·
1241 4930 1576 4991 atimareritMacrobius,
1588 4930 1705 4993 apparet
1716 4924 1802 4975 etiam

627 5004 673 5056 nit
686 5004 845 5068 fabulae,
867 5008 1070 5069 quaeuersatur
1088 5001 1116 5051 in
1133 5007 1192 5053 tra·
1243 5018 1277 5052 cx
1301 4999 1359 5051 Sat.
1385 4998 1449 5060 vll,
1475 5002 1506 5059 3,
1531 4999 1579 5046 23:
1617 4994 1693 5058 Quod
1709 5007 1803 5072 'genus
1864 5005 1867 5011 ·

628 5072 738 5141 gaediis
755 5078 836 5136 atque
859 5069 1019 5121 carminibus
1036 5084 1088 5118 non
1106 5085 1124 5118 a
1145 5082 1191 5117 ve·
1242 5065 1457 5133 (scommatum)
1472 5073 1570 5117 vetem
1586 5061 1627 5113 ita
1642 5059 1804 5110 ludicrum

628 5141 712 5191 ritate
728 5139 806 5189 modo
822 5138 868 5189 sed
884 5138 965 5192 etiam
981 5153 999 5187 a
1014 5136 1103 5198 forma
1119 5134 1192 5186 ueri·
1241 5153 1304 5186 non
1320 5139 1494 5203 putarant,
1513 5138 1543 5183 ut
1559 5135 1585 5181 et
1599 5126 1754 5177 Aristoteles
1772 5124 1804 5174 de

628 5207 696 5261 tatis
714 5211 825 5256 remota.
1243 5203 1310 5269 ipsis
1328 5203 1422 5267 aliqua
1438 5195 1633 5264 conscripserit,
1653 5200 1678 5246 ct
1695 5192 1805 5245 Plutar-

665 5272 709 5326 vel
727 5272 871 5342 Apuleium
886 5284 1082 5336 nonnumquam
1100 5266 1194 5322 lusisse
1244 5271 1309 5325 ebus
1326 5277 1351 5324 et
1368 5275 1454 5321 nester
1475 5263 1640 5333 Apuleius.
