5092 6425
572 773 822 789 ——--—
831 774 834 777 ·

646 829 679 894 X
723 827 726 831 ’
798 824 802 829 ’
1158 852 1351 896 rasnrsrro.

650 1004 757 1082 postea
780 997 979 1083 tergiversari.
1025 999 1188 1065 Postremo
1217 999 1251 1064 F.
1280 997 1340 1064 Gn.
1368 999 1631 1065 Scursmswmns
1656 1018 1766 1083 magns
1790 1016 1875 1082 quae
1909 986 1922 997 ”

652 1099 684 1162 in
709 1118 787 1183 opus
812 1122 915 1166 meum
942 1102 1155 1187 qualecunque
1181 1101 1311 1165 contufit
1336 1101 1483 1167 beneficia
1507 1122 1617 1186 magno
1640 1101 1764 1165 cumulo
1787 1099 1876 1165 auxit

653 1201 897 1267 commendando
930 1203 1004 1268 mihi
1037 1225 1108 1268 eum
1138 1201 1191 1288 qui
1225 1202 1334 1268 ceteris
1367 1203 1554 1267 constantior
1585 1210 1679 1267 staret
1709 1201 1875 1287 promisso.

654 1302 713 1366 Hic
733 1303 860 1368 consilio
880 1322 949 1369 meo
972 1305 1096 1390 cognito
1118 1312 1211 1389 atque
1233 1306 1433 1390 comprobato
1457 1304 1488 1369 id
1510 1325 1607 1369 unum
1627 1311 1735 1389 pactus
1759 1311 1815 1380 est,
1838 1311 1877 1367 ut

654 1405 755 1489 operis
771 1406 930 1471 traderem
951 1428 1014 1471 non
1033 1406 1228 1472 emendatum
1250 1413 1380 1483 tantum,
1398 1415 1434 1471 ut
1453 1407 1617 1483 volueram,
1635 1405 1688 1471 sed
1710 1405 1802 1470 etiam
1821 1427 1876 1470 ex-

654 1506 810 1591 planatum
829 1508 1037 1574 Macrobium:
1071 1509 1101 1573 id
1122 1508 1205 1593 quod
1228 1507 1256 1572 ei
1277 1508 1506 1573 concedendum
1528 1529 1595 1573 esse
1615 1507 1733 1592 putari,
1766 1528 1876 1591 quam·
1918 1566 1923 1575 .

656 1628 749 1692 quam
772 1609 896 1675 minime
922 1632 972 1676 me
999 1610 1089 1696 fugit,
1124 1631 1216 1695 quam
1240 1609 1362 1674 difficile
1382 1609 1442 1674 boc
1464 1617 1557 1687 esset,
1592 1610 1676 1675 fibris
1695 1609 1877 1694 praesertim

656 1708 702 1773 vel
724 1711 854 1776 maxime
877 1712 1055 1777 necessariis
1078 1712 1250 1777 destituto·
1281 1712 1370 1791 Quos
1393 1712 1479 1796 potui
1506 1712 1691 1797 comparari:
1721 1731 1800 1795 quae
1821 1731 1878 1774 an-

658 1817 708 1874 tea
727 1812 765 1876 ad
784 1813 976 1879 Macrobium
998 1813 1117 1879 fuerant
1139 1815 1282 1879 adnotata
1302 1813 1478 1890 examinavi,
1500 1813 1609 1877 idonea
1631 1812 1748 1897 recepi:
1770 1833 1879 1897 pauca,
1904 1827 1906 1830 ·

659 1932 738 1996 quae
757 1914 796 1978 ad
819 1937 974 2002 quemque
994 1918 1097 1982 focum
1119 1917 1214 2001 probe
1237 1915 1466 2000 intelligendum
1488 1915 1663 1981 viderentur
1684 1936 1749 1979 esse
1771 1936 1879 1979 neces-

660 2014 752 2091 saria,
784 2016 850 2101 ipse
877 2018 983 2083 adieci.
1026 2023 1118 2083 Anno
1137 2018 1396 2083 MDCCCXLVI.
1420 2038 1524 2082 mense
1545 2017 1634 2081 lunio
1658 2017 1880 2082 Commentarii

660 2115 692 2179 in
717 2116 878 2184 Somnium
903 2119 1055 2206 Scipionis
1080 2119 1139 2184 hoc
1164 2119 1256 2184 modo
1283 2139 1382 2204 usque
1411 2119 1450 2183 ad
1478 2119 1570 2183 fmem
1594 2119 1769 2203 pertractati
1794 2119 1879 2203 prelo

661 2227 734 2282 sunt
755 2221 893 2287 subiecti.
937 2222 1053 2287 Versus
1074 2222 1145 2286 anni
1168 2221 1269 2298 finem,
1294 2241 1390 2305 quum
1407 2228 1524 2306 septem
1544 2221 1682 2305 plagulae
1704 2229 1807 2286 essent
1826 2222 1880 2285 ab·

662 2313 788 2399 solutae,
810 2343 859 2388 res
881 2323 913 2388 in
935 2345 988 2389 sex
1010 2322 1073 2390 fere
1095 2344 1215 2389 menses
1239 2331 1286 2387 est
1307 2323 1398 2387 dilata
1422 2323 1522 2408 operis
1545 2323 1604 2387 alio
1628 2323 1761 2407 quodam
1786 2344 1880 2407 nego-

663 2421 707 2486 tio
742 2426 826 2508 quod
863 2426 1077 2512 procrastinari
1112 2447 1174 2490 non
1211 2432 1316 2510 posset
1351 2425 1517 2510 occupatis.
1581 2426 1700 2489 Eodem
1741 2432 1887 2509 tempore
1901 2456 1922 2539 ,p

664 2524 698 2587 F.
719 2524 872 2592 Osansos
898 2529 1035 2594 codicem
1059 2548 1149 2593 suum
1167 2526 1466 2591 Commentariorum
1491 2527 1522 2591 in
1545 2527 1705 2592 Somnium
1729 2526 1882 2612 Scipionis
1918 2542 1922 2565 '²

664 2630 696 2688 et
717 2645 796 2709 quae
818 2637 1009 2713 excerpserat
1027 2651 1044 2694 e
1062 2628 1183 2692 duobus
1204 2628 1270 2692 aliis
1294 2626 1369 2691 mibi
1388 2627 1483 2705 misit,
1512 2628 1593 2693 baud
1618 2637 1772 2713 gravatus,
1798 2630 1883 2714 quod

665 2725 814 2792 Macrobii
839 2729 1136 2796 Commentariorum
1165 2750 1228 2795 una
1259 2750 1330 2794 cum
1357 2729 1514 2794 Ciceronis
1537 2730 1576 2794 de
1601 2751 1635 2794 re
1660 2731 1780 2815 publica
1803 2730 1883 2816 frag-

667 2828 777 2892 mentis
808 2831 996 2898 edendorum
1028 2831 1188 2897 consilium
1219 2851 1237 2895 s
1269 2853 1319 2896 me
1352 2831 1410 2897 sibi
1440 2839 1521 2897 esset
1553 2840 1701 2916 ereptum.
1753 2833 1801 2896 Ex
1836 2832 1884 2898 bis

667 2929 780 3015 scripto
803 2955 872 2998 meo
893 2935 933 3000 ob
952 2934 983 2998 id
1004 2934 1105 3018 ipsum
1127 2933 1272 2998 arcessito
1297 2934 1398 2998 addidi
1419 2933 1569 3020 quidquid
1593 2933 1684 2998 inseri
1707 2934 1827 3012 licebat,
1848 2943 1885 3000 ut

667 3053 730 3095 non
756 3035 858 3099 omnia
882 3044 1086 3114 mutarentur,
1123 3035 1255 3120 dataque
1282 3035 1443 3100 occasione
1467 3036 1537 3101 auxi
1564 3036 1776 3101 adnotationes
1806 3059 1824 3101 e
1849 3037 1885 3101 fi-

668 3134 732 3199 bris
767 3137 951 3221 quibusdam
978 3138 1093 3203 interea
1121 3136 1159 3202 ad
1192 3158 1241 3202 me
1274 3137 1379 3202 allatis.
1431 3136 1588 3203 Versionis
1614 3138 1788 3202 Planudeae
1818 3147 1885 3203 tum

668 3237 744 3303 mihi
779 3240 866 3305 licuit
897 3239 944 3305 uti
979 3247 1065 3325 parte
1091 3239 1222 3324 quadem
1255 3240 1334 3325 typis
1367 3240 1530 3325 descripta,
1566 3240 1654 3305 cuius
1687 3241 1774 3325 copia
1812 3242 1887 3306 mihi

669 3337 748 3405 facta
780 3351 826 3407 est
857 3364 876 3407 a
903 3341 939 3407 G.
963 3343 1147 3406 Hermanno
1174 3350 1205 3406 et
1231 3340 1447 3407 Gensnorrro:
1485 3363 1555 3406 nam
1593 3342 1799 3407 intermissum
1835 3366 1887 3409 ex-

670 3442 801 3508 cudendi
837 3466 916 3530 opus
951 3444 1188 3529 redintegratum
1225 3451 1272 3508 est
1309 3445 1392 3530 prius
1428 3465 1520 3529 quam
1556 3444 1671 3512 codicis
1705 3447 1888 3530 Augustani,

671 3542 709 3607 de
737 3566 801 3629 quo
828 3546 888 3611 rid.
918 3547 1051 3631 prolegg.
1082 3567 1149 3631 pag.
1181 3569 1290 3609 xnvrrr.
1320 3567 1379 3631 sq,
1417 3545 1514 3611 factus
1545 3567 1613 3612 sum
1650 3569 1784 3632 compos
1837 3548 1888 3612 Li·

671 3643 743 3708 belli
778 3645 910 3730 denique
940 3647 982 3711 de
1012 3644 1232 3710 differentiis
1261 3654 1297 3710 et
1324 3645 1568 3712 societatibus
1597 3646 1728 3712 Graeci
1754 3649 1888 3713 Latini-

673 3764 741 3827 que
766 3747 867 3811 verbi
890 3754 1031 3831 excerpta
1054 3746 1192 3810 Parisino
1218 3745 1288 3810 m'eo
1312 3754 1422 3830 rogatu
1445 3746 1578 3811 excussit
1604 3749 1661 3812 ΤΗ.
1683 3750 1890 3830 Percussurus,

672 3844 923 3912 vindobonensia
944 3855 975 3912 et
993 3846 1195 3932 fragmentum
1217 3845 1292 3911 iilud
1312 3847 1355 3911 de
1373 3848 1492 3925 verbo,
1512 3847 1596 3932 quod
1616 3857 1652 3912 ut
1673 3872 1710 3915 ex
1730 3852 1789 3916 boc
1811 3854 1890 3920 fibro

673 3968 783 4031 magna
800 3949 923 4034 quidem
943 3970 980 4013 ex
1002 3956 1087 4034 parte
1107 3955 1262 4032 sumptum
1283 3948 1456 4014 addendum
1473 3970 1539 4013 esse
1561 3948 1635 4013 mibi
1653 3950 1821 4031 ridebatur,
1840 3976 1890 4019 ac·

675 4058 762 4134 cepta
794 4050 891 4115 refero
923 4050 1107 4117 Analectis
1141 4049 1384 4134 grammaticis
1419 4071 1498 4135 quae
1534 4050 1695 4115 ediderunt
1732 4055 1889 4121 Iosernus

675 4172 716 4216 ss
745 4153 952 4218 Ercunnrsuo
984 4162 1015 4218 et
1044 4154 1234 4219 Srerunnus
1261 4153 1462 4216 Ennmcusu:
1493 4173 1510 4216 e
1541 4152 1653 4236 quibus
1687 4154 1770 4237 quod
1798 4155 1891 4223 buius

675 4261 793 4320 tantum
818 4278 930 4321 nomen
952 4255 1014 4321 fere
1036 4255 1134 4341 posui,
1154 4254 1184 4318 id
1202 4254 1358 4318 brevitatis
1378 4254 1480 4318 studio
1501 4252 1559 4318 feci
1578 4254 1794 4339 praeeuntibus
1815 4257 1891 4334 aliis,

676 4377 732 4421 nec
751 4379 867 4434 vereor,
889 4380 927 4422 ne
949 4378 1038 4441 aegre
1058 4355 1116 4420 hoc
1139 4355 1215 4421 ferat
1234 4355 1428 4420 doctissimus
1448 4355 1548 4440 operis
1568 4355 1633 4420 eius
1654 4356 1764 4422 socius.
1810 4358 1891 4424 Con-

676 4455 754 4522 feras
775 4447 989 4543 prolegomena
1007 4478 1036 4542 p.
1059 4479 1126 4520 xm.
1144 4478 1188 4542 sq.
1233 4458 1270 4520 ln
1290 4456 1411 4541 quibus,
1431 4479 1617 4543 quamquam
1639 4479 1718 4541 quae
1735 4459 1784 4524 hic
1806 4482 1892 4526 enar·

677 4557 740 4623 rari
763 4559 826 4624 suis
846 4559 921 4624 focis
943 4558 1005 4623 fere
1027 4567 1099 4623 sunt
1119 4567 1367 4635 commemorata,
1388 4560 1492 4644 putavi
1511 4568 1614 4624 tamen
1635 4560 1713 4626 benc
1736 4561 1810 4626 mihi
1829 4562 1893 4627 dari

678 4660 806 4737 veniam,
827 4669 864 4725 ut
884 4682 919 4725 ea
938 4660 993 4752 bic·
1009 4661 1228 4745 complecterer
1246 4660 1334 4746 quasi
1353 4682 1416 4726 uno
1437 4660 1468 4725 in
1488 4670 1654 4748 conspectu
1672 4664 1811 4741 videnda,
1831 4686 1894 4749 quo

679 4762 775 4846 magis
800 4770 959 4847 appareret
983 4770 1013 4826 et
1045 4764 1211 4847 permultos
1236 4764 1318 4828 viros
1353 4785 1415 4827 non
1447 4764 1547 4829 minus
1582 4765 1770 4830 humanitate
1801 4774 1894 4851 atque

680 4862 858 4928 liberalitate
881 4885 972 4949 quam
995 4863 1133 4928 doctrina
1154 4865 1348 4942 excellentes,
1383 4866 1495 4949 quibus
1521 4866 1658 4929 meritam
1682 4868 1809 4951 gratiam
1831 4890 1894 4932 me-

682 4964 760 5028 mori
782 4973 883 5030 mente
905 4966 1059 5051 persolvo,
1091 4986 1214 5049 operam
1241 4988 1339 5032 meam
1365 4967 1485 5051 egregie
1510 4966 1673 5043 adiuvisse,
1706 4975 1737 5030 et
1761 4988 1823 5043 me,
1858 4989 1895 5031 ex

681 5088 743 5152 quo
771 5067 829 5133 hoc
855 5067 1012 5150 negotium
1036 5067 1250 5152 suscepissem,
1285 5088 1442 5152 nunquam
1469 5067 1631 5151 quievisse,
1668 5088 1768 5152 neque
1799 5067 1895 5131 labori

681 5191 782 5255 neque
807 5168 979 5254 sumptibus
1003 5177 1190 5254 parcentem,
1225 5176 1261 5233 ut
1297 5168 1508 5254 conquirerem
1535 5174 1714 5252 apparatum
1741 5168 1895 5247 idoneum,
