5092 6425
728 891 788 959 DE
809 889 916 957 DlFF.
936 887 991 955 ET
1014 885 1103 957 SOC.
1126 882 1283 955 GRAECI
1303 885 1486 967 LATINIQ.
1507 887 1643 956 VERBI.
1685 889 1724 957 V.
1764 887 1829 957 239

657 1063 770 1128 dicitur
793 1055 993 1148 ἐφνοχόουν,
1021 1065 1053 1122 et
1073 1077 1130 1142 pro
1151 1045 1195 1141 ἦν
1217 1053 1274 1141 ἐην
1295 1057 1410 1123 dicunt.
1453 1058 1525 1125 Non
1550 1059 1650 1125 solum
1673 1059 1706 1124 in
1727 1061 1830 1128 verbis

658 1150 735 1214 haec
762 1167 950 1233 supervacua
979 1143 1108 1209 adiectio
1137 1143 1308 1210 sedetiam
1338 1144 1370 1208 in
1399 1144 1575 1210 nominibus
1599 1152 1747 1231 usurpata
1773 1155 1830 1225 est,

658 1233 738 1299 ἕδνα
759 1233 852 1298 ἐεδνα
879 1240 911 1297 et
938 1230 1057 1295 similia.
1099 1223 1282 1312 Ἀναβαίνω
1302 1236 1335 1294 et
1355 1227 1457 1312 ἐπέχω
1476 1251 1538 1296 non
1559 1230 1689 1316 primam
1710 1231 1880 1301 salse-12

657 1321 789 1387 cundem
813 1317 958 1405 syllabam
982 1321 1196 1392 mutaverunt,
1224 1314 1296 1400 quia
1318 1315 1417 1400 prima
1437 1337 1499 1380 non
1520 1316 1606 1381 verbi
1627 1317 1681 1382 sed
1701 1338 1830 1404 praepo·

657 1408 778 1472 sitionis
801 1413 864 1469 est:
899 1402 993 1468 verba
1015 1400 1096 1466 enim
1120 1408 1194 1465 sunt
1212 1400 1318 1482 βαίνω
1338 1395 1416 1484 ἐχω,
1444 1409 1475 1465 et
1496 1401 1613 1467 iaciunt
1635 1400 1767 1486 ἔβαινον
1787 1397 1830 1467 εί-

656 1516 726 1576 χον,
747 1491 818 1556 inde
839 1484 1016 1571 άνέβαινον
1038 1478 1175 1569 ἐπείχον.
1219 1481 1437 1569 Ἀναισχυντῶ
1458 1495 1558 1553 mutat
1578 1490 1719 1574 primam,
1739 1485 1829 1574 ἡναι-
1842 1492 1880 1557 13

657 1576 833 1683 σχόνιουυ,
854 1576 927 1660 quia
947 1595 986 1639 ex
1009 1572 1134 1638 nornine
1154 1572 1349 1658 conpositum
1369 1581 1432 1652 est,
1454 1572 1485 1636 id
1505 1580 1553 1638 est
1574 1574 1659 1658 βῆμα
1681 1571 1830 1659 όνοματι-
1956 1585 1958 1588 ⁴

655 1687 727 1743 αον,
750 1657 965 1743 άυαίσχυντος
985 1654 1208 1742 άναισχυυιῶε
1238 1658 1332 1724 verba
1355 1665 1459 1723 autem
1483 1680 1522 1722 ex
1542 1661 1709 1744 conpositis
1731 1655 1830 1727 nomi-

656 1750 715 1815 bus
743 1746 960 1835 parasyntheta
989 1754 1152 1822 vocantur,
1191 1751 1223 1809 et
1247 1745 1386 1830 aprima
1413 1744 1527 1830 syllaba
1554 1744 1760 1822 declinantur,
1795 1755 1832 1812 ut

657 1836 816 1920 φίλιππος
839 1831 1016 1916 φιλιππίζω
1042 1828 1265 1914 ἐφιλίππιζον·
1291 1829 1364 1896 licet
1385 1852 1448 1895 non
1469 1831 1623 1916 ignorem,
1646 1831 1729 1930 quod
1752 1827 1881 1915 σόμ·14

657 1943 759 2004 μαχος
779 1927 811 1983 et
833 1912 1013 2001 συνήγορος
1034 1917 1192 2001 conposita
1212 1914 1276 1981 sint
1293 1916 1419 1982 nomina
1439 1923 1527 1982 etex
1548 1939 1582 1983 se
1603 1917 1717 1983 sacrant
1737 1918 1831 1984 verba

657 2004 891 2093 parasyntheta‚
913 2003 1068 2085 συμμαχῶ
1091 2003 1279 2086 συνηγορω,
1301 2024 1381 2089 quae
1402 2010 1505 2067 tamen
1529 2024 1592 2068 non
1613 2002 1688 2067 loris
1708 2003 1760 2069 sed
1784 2002 1830 2068 in·

657 2101 709 2157 tus
732 2090 938 2166 declinantur,
977 2089 1133 2171 συμμαχῶ
1156 2082 1375 2172 συνεμάχουν,
1415 2090 1588 2172 σννηγορῶ
1608 2084 1832 2172 συνηγόρουν

658 2177 713 2243 sed
741 2175 800 2240 hoc
822 2175 905 2252 ideo,
944 2174 1016 2259 quia
1044 2174 1230 2260 praepositio
1259 2173 1310 2239 bic
1334 2172 1428 2238 babet
1453 2172 1708 2258 significationem
1733 2194 1831 2241 suom.

659 2263 806 2329 Ceterum
828 2261 880 2325 ubi
905 2260 1009 2325 nullus
1031 2280 1069 2323 ex
1091 2258 1318 2345 praepositione
1340 2280 1450 2324 sensus
1471 2259 1604 2336 accedit,
1640 2259 1715 2324 loris
1738 2259 1830 2324 decli·
1841 2263 1881 2328 15

659 2357 751 2413 natur
774 2345 987 2433 inperfectum,
1010 2344 1041 2410 id
1062 2353 1110 2410 est
1131 2344 1273 2410 adiicitur
1296 2344 1340 2410 illi
1362 2344 1485 2423 vocalis,
1504 2353 1663 2431 tamquam
1686 2366 1830 2430 praesens

658 2444 782 2520 tempus
804 2432 930 2518 incipiat
951 2452 968 2496 a
990 2431 1182 2508 consonanti,
1201 2431 1327 2510 ααδίζω
1351 2426 1514 2510 ἐκάθιζον,
1535 2427 1688 2495 ααδεόδω
1711 2427 1881 2518 ducib-[293]

657 2520 774 2585 ενδον·
798 2518 857 2584 hoc
877 2525 925 2583 est
942 2517 998 2596 ἵζω
1021 2517 1104 2603 quod
1124 2516 1260 2596 καθίζω,
1282 2517 1342 2583 boc
1363 2511 1448 2581 εόδω
1468 2517 1552 2603 quod
1571 2512 1735 2596 ααδεόδω,
1758 2517 1831 2602 quia

658 2604 846 2692 praepositio
877 2603 953 2668 nihil
982 2602 1006 2668 si
1031 2603 1142 2668 nificat
1184 2603 1244 2669 Ubi
1278 2624 1352 2670 vero
1383 2603 1506 2669 additur
1538 2625 1577 2669 ex
1603 2600 1882 2689 praepositioneld

658 2713 782 2767 sensus,
813 2698 887 2755 tunc
910 2689 941 2754 in
962 2625 1165 2755 declinatione
1187 2688 1347 2775 inperfecti
1370 2688 1563 2788 quaerimus,
1596 2689 1679 2754 unde
1706 2688 1832 2774 incipiat

660 2778 789 2844 verbum
811 2776 911 2862 ipsum
934 2775 1000 2840 sine
1023 2775 1267 2926 praepositione:
1307 2783 1340 2841 et
1359 2797 1385 2840 ει
1407 2775 1534 2842 verbum
1556 2796 1573 2840 a
1597 2774 1692 2842 vocali
1715 2774 1831 2860 incipit,

659 2863 800 2949 quamvis
820 2861 1007 2948 praepositio
1048 2862 1138 2928 abeat
1158 2869 1390 2940 consonantem,
1406 2861 1493 2926 verbi
1511 2870 1614 2926 tamen
1635 2860 1772 2926 vocalem
1792 2882 1832 2926 ex

659 2948 746 3012 brevi
768 2956 924 3012 mutamus
947 2947 979 3011 in
999 2947 1138 3032 longam:
1176 2955 1213 3013 ut
1234 2943 1366 3030 συνάγω
1388 2949 1547 3031 συνῆγον,
1582 2946 1654 3032 quia
1679 2946 1762 3012 aliud
1785 2955 1832 3012 est

660 3026 730 3114 άγω
752 3031 834 3096 aliud
857 3027 997 3113 συνάγω.
1041 3034 1121 3097 ltem
1141 3032 1167 3096 si
1188 3033 1374 3119 praepositio
1397 3054 1477 3118 quae
1498 3053 1623 3098 sensum
1645 3031 1765 3097 conlert
1785 3030 1881 3097 in-l'l

660 3117 754 3202 cipiat
774 3137 791 3180 a
811 3116 923 3192 vocali,
961 3114 1127 3201 incipiente
1148 3117 1243 3183 verbo
1265 3139 1284 3183 a
1306 3125 1510 3194 consonante,
1543 3115 1746 3201 inperfectum
1768 3139 1832 3182 mu·

660 3209 754 3269 nente
776 3200 882 3267 eadem
906 3223 963 3266 nec
984 3208 1101 3268 mutata
1126 3201 1363 3287 praepositionis
1384 3203 1482 3270 vocali
1505 3201 1595 3267 aliam
1618 3201 1703 3268 addit
1723 3224 1832 3268 conso·

661 3289 746 3355 nanti
769 3288 854 3354 verbi
875 3287 1028 3365 vocalem,
1065 3297 1101 3355 ut
1121 3296 1168 3353 est
1189 3284 1343 3373 ἐνιχαίρω
1366 3284 1548 3373 ἐνέχαιρον,
1589 3287 1662 3372 quia
1681 3287 1765 3353 aliud
1784 3296 1833 3354 est

661 3373 816 3458 ἐνιχαίρω
838 3373 922 3439 aliud
938 3373 1052 3457 χαίρω.
1096 3372 1177 3440 Sane
1197 3372 1258 3439 hoc
1280 3374 1470 3454 observatur,
1489 3382 1526 3441 ut
1546 3372 1658 3439 vocalis
1678 3394 1758 3458 quae
1779 3372 1831 3439 ad·
1843 3368 1882 3437 18

661 3462 745 3526 ditur
765 3460 946 3525 consonanti
969 3458 1070 3524 brevis
1091 3458 1146 3538 sit,
1184 3460 1341 3545 quianon
1363 3468 1466 3546 potest
1486 3461 1567 3526 ultra
1589 3478 1687 3523 unum
1709 3467 1832 3545 tempus

660 3566 852 3612 exerescere:
889 3542 972 3627 λέγω
994 3540 1119 3628 ἐλεγον,
1146 3541 1282 3629 λέγομαι
1302 3541 1466 3631 ἐλεγόμην.
1509 3543 1599 3613 Unde
1620 3540 1780 3627 βούλομαι
1800 3552 1833 3609 et

661 3628 805 3713 δόναμαι
826 3631 995 3697 secundum
1017 3652 1212 3697 communem
1237 3632 1376 3718 regulam
1398 3653 1492 3698 exse
1514 3630 1630 3697 iaciunt
1652 3626 1833 3714 ἐβουλόμην

662 3714 846 3801 ἐδυνάμην·
876 3718 928 3782 sed
951 3716 1034 3815 quod
1054 3738 1146 3803 saepe
1164 3716 1295 3802 legimus
1314 3713 1502 3818 ἠβουλόμην
1522 3710 1707 3802 ἠδυνάμην,
1728 3718 1832 3783 Attica

661 3804 783 3869 licentia
805 3810 860 3867 est.
903 3803 1018 3869 Ultima
1040 3823 1164 3888 quoque
1184 3804 1300 3889 syllaba
1323 3803 1483 3890 inperfecti
1504 3803 1648 3870 nonnihil
1672 3796 1882 3870 diversita-lll

660 3890 701 3954 tis
724 3889 831 3965 habet,
867 3889 958 3953 utin
982 3888 1205 3975 perispomenis
1232 3889 1332 3975 prima
1354 3897 1386 3955 et
1405 3890 1497 3956 tertia
1519 3891 1551 3956 in
1578 3890 1677 3955 ΟΤΝ
1694 3888 1831 3965 mittunt,

661 3973 796 4038 ἐποίουν
816 3970 985 4059 ἐχρόσουν,
1006 3974 1140 4041 secunda
1160 3974 1192 4039 in
1216 3977 1297 4055 ΩΝ,
1319 3971 1439 4059 ἐβόων·
1460 3996 1540 4063 quae
1559 3975 1639 4041 fiunt
1658 3975 1691 4040 in
1709 3974 1831 4060 passivo

660 4059 709 4125 vel
740 4059 868 4143 passivis
901 4060 1053 4125 similibus
1087 4054 1265 4143 ἐποιούμην
1295 4057 1500 4146 ἐχρυσοόμην
1531 4056 1704 4144 ἐβοόμην.Ι
1737 4055 1882 4143 Apud20

661 4143 796 4209 Graecos
818 4144 901 4208 solus
922 4143 1101 4210 diffinitivus
1123 4144 1233 4209 modus
1259 4165 1404 4230 praesens
1424 4146 1462 4211 ab
1484 4144 1653 4232 inperfecto
1675 4142 1832 4227 disiungit,

661 4229 754 4294 ceteri
776 4249 884 4292 omnes
906 4229 989 4293 modi
1012 4228 1158 4313 iungunt,
1185 4236 1222 4294 ut
1243 4232 1330 4313 φιλῶ
1350 4228 1507 4315 ἐφίλουν·
1537 4238 1569 4295 ot
1591 4230 1623 4295 in
1648 4228 1831 4314 imperativo

661 4313 750 4398 φίλει
772 4334 917 4418 praesens
940 4320 972 4377 et
991 4311 1193 4399 inperfectum
1218 4315 1432 4382 confunditur:
1464 4314 1615 4381 similiter'
1628 4314 1660 4379 in
1683 4313 1831 4379 coniunc-

660 4400 724 4465 tivo
752 4396 810 4461 ἐαυ
832 4399 919 4483 φιλῶ
942 4406 973 4464 et
998 4398 1029 4462 in
1050 4399 1187 4486 optativo
1215 4399 1244 4463 εί
1266 4404 1397 4487 φιλοῖμι
1418 4408 1451 4469 et
1476 4401 1509 4467 in
1539 4400 1692 4468 infinitivo
1720 4402 1831 4485 φιλεῖν

658 4492 828 4569 utrumque
850 4484 942 4549 simul
963 4492 1086 4571 tempus
1108 4486 1272 4571 appellant

1574 4596 1659 4661 [lldd.
1680 4594 1763 4663 pdnb.

661 4681 702 4729 13.
737 4685 853 4731 mutant
877 4677 908 4731 P.
932 4706 967 4717 -
993 4671 1170 4745 άνοισχυντος
1196 4680 1223 4733 b.
1377 4683 1419 4733 17.
1457 4678 1583 4749 ἐγχαίηω
1611 4680 1683 4733 coni.
1716 4678 1831 4747 Opsop,

660 4742 807 4814 ,,ἐνιχαίρω
841 4745 982 4813 poeticum
1018 4751 1094 4799 est-‘⁶
1265 4749 1308 4798 19.
1344 4751 1457 4817 passivi
1490 4750 1619 4801 similibus
1649 4746 1720 4801 coni.
1758 4748 1831 4798 Zeu-

659 4814 739 4879 nius,
772 4832 856 4878 „curn
879 4820 977 4866 auctor
1000 4814 1126 4881 proxime
1147 4820 1212 4867 ente
1234 4816 1350 4884 paetico
1371 4815 1400 4869 in
1423 4833 1539 4869 numero
1557 4815 1698 4887 singulari
1717 4814 1831 4879 dixerit,

660 4888 744 4948 etque
768 4900 801 4934 ex
823 4882 1018 4935 coniunctione
1041 4881 1130 4934 dativi
1153 4890 1181 4935 et
1204 4882 1323 4936 ablativi
1342 4884 1448 4952 aliquid
1467 4885 1572 4953 ingrati
1594 4886 1704 4937 oriatur
1719 4892 1748 4935 et
1765 4884 1832 4933 lior-

659 4950 746 5003 ridi.“
862 4954 906 5003 20.
942 4968 1029 5003 omnes
1046 4951 1128 5003 modo
1145 4950 1208 5003 dzb.
1242 4951 1366 5005 Zeunius
1382 4955 1454 5006 coni.
1471 4954 1645 5007 omnetmodi
1660 4955 1830 5022 iunguntur.

694 5056 737 5104 lt.
773 5056 832 5108 licet
856 5074 909 5107 non
933 5056 1067 5124 ignorem,
1100 5056 1170 5123 quod
1194 5092 1219 5108 ..
1267 5056 1552 5126 intelligendunemo
1570 5074 1624 5109 uon
1640 5056 1728 5109 facilc
1745 5054 1830 5105 intel-

660 5123 795 5187 conpocitu
809 5122 872 5190 sint]
895 5123 954 5177 Vid.
975 5130 1030 5177 not
1054 5123 1088 5175 ud
1111 5123 1218 5180 Cornua,
1269 5124 1365 5192 liguo
1386 5127 1473 5179 Ζιυα.
1493 5154 1520 5163 -
1542 5125 1585 5177 cl.
1605 5143 1628 5177 c.
1647 5129 1694 5188 15,
1717 5122 1747 5187 βξ
1765 5126 1782 5171 9
1801 5126 1830 5170 et

660 5188 684 5253 1,
703 5191 745 5251 13,
763 5192 806 5239 18.
1270 5197 1328 5255 15.;
1344 5211 1368 5244 ο.
1386 5198 1429 5260 18,
1447 5195 1460 5260 5
1478 5200 1518 5256 5.;
1536 5191 1675 5245 Priscian.
1692 5191 1741 5241 lib.
1754 5188 1828 5252 vm,

695 5258 736 5305 19.
771 5256 813 5308 vel
826 5259 943 5324 passivis
953 5260 1092 5326 similibus]
1107 5259 1219 5325 „Verba
1270 5276 1332 5327 cap.
1358 5261 1392 5314 de
1411 5268 1496 5329 temp,
1516 5261 1591 5312 verb.
1611 5279 1636 5327 p.
1657 5262 1719 5309 816.

659 5321 766 5389 medio,
788 5339 861 5390 quoe
878 5326 966 5394 volgo
984 5328 1129 5392 dicuntur,
1154 5344 1218 5380 esse
1303 5332 1346 5380 2⁰.
1382 5331 1453 5383 atta
1470 5329 1625 5399 imperativo
1642 5323 1729 5392 φίλει1
1743 5324 1832 5387 ..Μ-
