5092 6425
695 856 759 923 248
1177 846 1385 915 Macuossu

1063 1018 1133 1083 ΧΙΙ.
1175 1018 1224 1083 Dc
1245 1017 1350 1083 tuturo
1372 1015 1501 1102 passivo.

783 1104 975 1171 paenultima
1004 1102 1118 1188 syllaba
1139 1103 1220 1189 apud
1242 1103 1377 1169 Graecos
1404 1100 1500 1166 futuri
1528 1098 1625 1164 activi
1659 1106 1780 1204 quartp
1808 1100 1867 1166 fita

700 1196 761 1259 sirac
785 1190 912 1276 passivi,
950 1184 1059 1270 νοήσω
1086 1185 1309 1272 νοηθὴσομαι,
1347 1182 1540 1271 θεραπεύσω
1566 1190 1868 1270 θεραπεοῶησομιιι,

700 1274 805 1342 ἐλιὶσω
833 1270 1063 1355 ἐλασθήσομαι.
1106 1274 1246 1340 Secunda
1275 1293 1404 1359 persona
1432 1271 1534 1336 minor
1560 1270 1688 1356 syllaba
1725 1271 1762 1336 fit
1794 1293 1869 1360 quan

669 1364 813 1449 Qpriura:
854 1355 1079 1441 λαληθήσομαι
1106 1355 1299 1441 λαληθήσει,
1341 1353 1560 1440 τιμηθήσομαι
1589 1352 1788 1439 τιμηθήσει.
1828 1358 1870 1422 lta

701 1470 774 1521 vero
797 1447 914 1530 species
934 1443 1057 1529 propria
1078 1443 1266 1509 Graecorum
1289 1452 1350 1518 est,
1388 1442 1470 1528 quod
1494 1441 1588 1505 habet
1614 1442 1648 1505 in
1676 1462 1798 1527 genere
1818 1464 1871 1529 pas

701 1533 767 1597 sivo
787 1531 925 1597 suturam
948 1528 1030 1614 quod
1051 1550 1116 1594 rem
1141 1529 1292 1613 significat
1314 1549 1375 1592 non
1400 1526 1499 1592 multo
1519 1533 1591 1612 post
1613 1526 1673 1591 sed
1706 1549 1784 1593 mox
1805 1528 1871 1595 tuta

700 1639 782 1694 ram,
824 1624 858 1681 ut
881 1610 1095 1696 πεποιήσομαι
1121 1611 1333 1697 γεγράνομαι.
1375 1614 1442 1678 Hac
1467 1621 1569 1677 autem
1595 1619 1733 1697 tempus
1755 1635 1794 1679 ex
1819 1636 1871 1700 per·

688 1703 781 1768 'secto
803 1699 940 1765 eiusdem
962 1699 1083 1783 garreris
1105 1700 1247 1765 nascitur.
1290 1698 1417 1763 Insertis
1439 1698 1521 1762 enirn
1544 1696 1711 1763 secundae
1736 1720 1871 1785 personna

702 1786 828 1875 perfecti
857 1784 976 1849 duabus
1005 1785 1101 1848 literis
1127 1784 1233 1849 Οκαὶ
1254 1786 1300 1846 Μ
1315 1784 1451 1849 futurum
1475 1782 1684 1866 paulopost,
1725 1786 1812 1870 quod
1830 1792 1871 1853 at

652 1872 819 1956 [sonticum
842 1878 983 1946 vocatur,
1009 1868 1155 1946 eflicitur,
1186 1868 1360 1951 πεποίησαι
1380 1864 1611 1949 πεποιήσομαι,
1640 1863 1819 1953 γέγραψαι
1834 1894 1871 1954 γε

702 1951 878 2039 γράψομαι.
921 1955 986 2019 Nec
1012 1953 1050 2019 ab
1077 1975 1110 2018 re
1140 1963 1207 2019 erat
1231 1954 1322 2040 paulo
1349 1952 1582 2038 postfuturum
1610 1973 1651 2017 ex
1688 1958 1791 2039 paulo
1816 1968 1873 2024 ante

675 2042 859 2108 {ttransacto
891 2046 1031 2123 tempore
1066 2039 1229 2126 procreari.
1278 2037 1481 2103 Inveniuntur
1518 2037 1707 2104 huiusmodi
1747 2051 1874 2130 tempora

704 2126 833 2211 figurata
853 2132 943 2190 etex
965 2123 1066 2190 verbis
1090 2124 1122 2188 in
1146 2127 1181 2189 Ω
1204 2124 1403 2199 exeuntibus,
1434 2133 1470 2188 ut
1490 2129 1537 2188 est
1559 2121 1771 2209 σεδοικήσι,
1805 2129 1874 2216 quat

703 2212 864 2319 proprium
887 2210 1146 2294 Syracusanorum
1169 2217 1231 2288 est,
1270 2218 1303 2274 et
1328 2204 1475 2285 asanaa,
1507 2215 1543 2272 ut
1564 2208 1650 2292 apud
1673 2212 1875 2281 Dracontem:

707 2302 798 2381 Aeap
819 2293 877 2361 καὶ
895 2296 986 2377 δῶρα
1007 2290 1198 2377 ὅεὸῶσομευ,
1220 2294 1307 2379 quasi
1326 2294 1420 2379 paulo
1438 2302 1506 2377 post
1527 2292 1676 2359 dabamus.

937 2380 1021 2446 xltl.
1062 2381 1110 2446 De
1132 2380 1295 2445 indicativo
1323 2378 1376 2464 qui
1398 2387 1430 2443 et
1451 2376 1645 2443 diffinitivas.

789 2463 975 2531 indicativus
1000 2464 1094 2530 habet
1117 2465 1248 2530 solutam
1279 2463 1316 2528 dc
1343 2485 1376 2529 re
1405 2484 1485 2548 quae
1512 2462 1615 2560 agitur
1651 2466 1876 2549 pronuntiatio

705 2570 786 2613 nem.
829 2550 908 2613 Nam
930 2550 983 2632 qui
1009 2549 1082 2614 dicit
1107 2552 1191 2613 ποιῶ
1212 2549 1347 2614 ostendit
1369 2549 1451 2625 sveri,
1490 2567 1543 2632 quv
1565 2554 1678 2613 autem
1702 2550 1878 2617 dictracta

705 2639 741 2697 ut
764 2632 816 2696 fiat
836 2632 878 2695 im
901 2641 984 2708 arat,
1011 2634 1065 2729 qui
1087 2632 1160 2698 dicit
1181 2633 1209 2697 εἰ
1230 2639 1358 2715 ποιοῑμι
1380 2641 1467 2730 optat
1486 2639 1522 2697 ut
1542 2630 1613 2710 fiat,
1648 2634 1709 2719 qui
1733 2637 1809 2703 dicit
1828 2633 1877 2700 ἐὰν

705 2717 789 2779 ποιῶ
810 2737 865 2779 nec
889 2737 940 2781 urn
963 2716 1029 2780 [iera
1051 2717 1254 2783 demonstrat:
1286 2739 1356 2783 cum
1379 2719 1453 2783 droit
1471 2721 1593 2794 ποιεῖν,
1623 2719 1719 2785 nulla
1745 2720 1877 2788 diffinitio

706 2807 761 2865 est
804 2799 894 2864 Solus
920 2799 1014 2884 igitur
1044 2801 1191 2867 diffinitus
1223 2802 1356 2887 perfecta
1391 2804 1435 2867 rei
1467 2801 1653 2867 diffinitione
1689 2808 1878 2873 continetur:

704 2883 789 2951 unda
810 2883 919 2951 Gracci
940 2877 1107 2969 ὁριστικὴυ
1130 2883 1284 2970 ἔγκλισιν,
1299 2886 1399 2951 Latini
1415 2888 1535 2952 modam
1550 2887 1759 2974 diffinr'tiaaim
1777 2893 1879 2959 vocita-

674 2973 826 3038 2verunt
869 2970 1012 3056 Denique
1033 2971 1137 3037 omnia
1156 2980 1296 3058 tempora
1319 2971 1351 3036 in
1372 2971 1431 3037 hoc
1452 2972 1518 3037 scio
1546 2972 1640 3038 modo
1674 2974 1882 3043 disiunctact

706 3054 801 3120 libera
823 3053 1029 3140 proferuntur.
1071 3058 1187 3124 Dicunt
1211 3057 1293 3124 enim
1322 3055 1492 3133 ἐνεστῶτος
1512 3058 1612 3136 ποιῶ,
1656 3079 1709 3123 πα
1778 3062 1884 3127 ατικοῦ

707 3137 851 3205 ἐποίουν.
895 3147 938 3206 At
967 3143 999 3206 in
1032 3143 1213 3230 imperativo
1239 3144 1410 3229 iunguntur
1438 3141 1512 3206 haec
1537 3149 1683 3228 tempora
1730 3150 1885 3224 νεστῶτος

707 3227 765 3292 καὶ
782 3230 1017 3314 παρατατικοῦ,
1043 3231 1144 3296 ποίει·
1181 3232 1255 3296 item
1276 3230 1308 3294 in
1330 3228 1524 3294 coniunctivo
1546 3224 1728 3308 ἐνεστῶτος
1750 3234 1814 3298 καὶ
1833 3257 1885 3299 πα·

708 3315 900 3399 ρατατικοῦ,
934 3310 992 3378 ἐὰν
1020 3317 1123 3379 ποιῶ·
1161 3323 1193 3379 et
1214 3316 1245 3380 iu
1267 3314 1403 3399 optativo
1424 3310 1595 3389 ἐνεστῶτος
1620 3312 1683 3378 καὶ
1707 3337 1886 3403 παρατατι

708 3399 781 3476 κοῦ,
802 3398 830 3461 εἰ
851 3400 1046 3481 mancipum
1069 3399 1220 3465 infinitivo
1240 3398 1411 3473 ἐνεστῶτος
1432 3395 1488 3462 καὶ
1507 3404 1751 3481 παρατατικοῦ,
1771 3410 1885 3470 ποιεῖν.

679 3482 857 3549 3Similitar
880 3483 1061 3551 indicativus
1082 3480 1321 3568 παρακειμένου
1346 3484 1417 3549 facit
1441 3482 1537 3546 πεποέ
1578 3506 1600 3545 α
1626 3492 1659 3549 et
1686 3480 1886 3573 ὖπερσυντε

709 3569 804 3632 λικοῦ
825 3564 1043 3651 ἐπεποιήκειν·
1069 3570 1268 3655 imperativus
1291 3590 1364 3634 vcro
1381 3505 1620 3653 napaaeipiiov
1640 3568 1702 3634 καὶ
1723 3567 1887 3661 ὖπερσνν-

709 3653 836 3715 τελικοῦ
863 3651 934 3716 facit
958 3653 1112 3737 πεποίηκε
1136 3649 1352 3737 πεποιηκέτω.·
1386 3662 1418 3719 et
1442 3654 1656 3718 coniunctivus
1683 3658 1886 3745 παρακειμέ-

709 3755 772 3797 νου
793 3734 849 3796 καὶ
870 3729 1155 3818 ὑπεοσνυτελικοῦ,
1178 3735 1234 3803 ἐὰν
1255 3734 1437 3821 πεποιήκοι
1463 3738 1617 3823 optativus
1636 3744 1886 3829 παρακειμένου

710 3815 767 3881 καὶ
802 3810 1088 3901 ὖπερσυντελικοῦ,
1137 3824 1167 3885 el
1203 3819 1428 3905 πεποιήκοιμι.·
1474 3822 1612 3887 infinitus
1657 3827 1887 3915 πεποιηκέναι.

682 3903 830 3968 4Βυιειιε
852 3901 1032 3969 indicativus
1057 3904 1156 3969 utitur
1175 3906 1366 3992 temporibus
1391 3908 1554 3992 separatis,
1596 3928 1668 3972 cum
1695 3912 1777 3981 dicit
1798 3915 1888 3999 ἄορί-

661 4002 813 4074 [³0⁵]ch
841 3983 991 4073 ἐποίησα,
1023 3987 1195 4072 μέλλοντος
1220 3986 1363 4076 ποιήσειε
1401 3992 1455 4057 scd
1476 3991 1676 4079 imperativus
1697 3996 1776 4067 facit
1798 3996 1889 4089 ἄορί-

779 4142 833 4197 Me.
852 4143 900 4204 P.]

779 4225 847 4290 xlv,
876 4231 900 4278 1.
938 4222 1102 4295 λαληθήσηι
1125 4263 1151 4281 ..
1174 4222 1331 4295 τιμηθήσηι
1357 4227 1428 4280 an.
1577 4231 1604 4278 3.
1639 4236 1765 4300 tempore
1791 4237 1828 4290 Ρ.
1856 4266 1890 4278 -

713 4295 872 4347 Draconem
892 4295 969 4360 ,εἳ-1).
1005 4296 1065 4348 via.
1085 4302 1141 4349 not.
1157 4325 1190 4336 -
1208 4294 1496 4349 ΔΕΔΩΣΩΜΗΝ
1510 4294 1540 4347 P.

781 4361 857 4411 xviv.
885 4362 1023 4425 finitivus
1045 4369 1120 4431 (nup.
1143 4365 1207 4416 add.
1235 4365 1285 4427 rtis.
1311 4378 1328 4413 a
1349 4379 1406 4413 sec.
1426 4367 1477 4422 m.)
1508 4362 1540 4414 P.
1696 4368 1724 4417 3.
1773 4369 1890 4426 HAPA.

714 4426 881 4479 KEIMEN
885 4427 949 4478 ΟΝ
954 4429 1028 4492 facit
1045 4463 1070 4480 ..
1088 4440 1112 4484 ct
1136 4427 1527 4484 ΥΠΕΡΣΥΝΤΕΛΙΚΟΝ
1540 4430 1571 4482 Ρ.

745 4555 813 4618 xlv,
840 4560 865 4609 2.
898 4559 982 4627 panto
997 4563 1203 4631 postfuturum]
1227 4565 1268 4616 De
1318 4562 1397 4614 illam
1431 4566 1590 4616 conatanter
1621 4567 1699 4618 tenet
1733 4570 1798 4623 cod.
1834 4588 1889 4625 ms.

709 4620 765 4672 hoc
780 4625 892 4677 nominc
909 4627 965 4679 rid.
978 4628 1139 4685 Buttmann.
1158 4634 1206 4685 Gr.
1219 4633 1268 4684 Gr·
1320 4629 1477 4696 Oppvnltur
1502 4639 1595 4682 tutem
1619 4633 1756 4686 definitu·
1784 4639 1889 4692 modu·

711 4687 724 4752 §
744 4691 804 4753 138,
823 4697 878 4743 nat.
1319 4696 1429 4748 infinito
1444 4705 1475 4749 ut
1489 4698 1562 4766 apud
1574 4698 1737 4753 Ciceronem
1755 4704 1833 4773 Top.
1842 4710 1889 4758 21.

744 4758 769 4805 3.
804 4760 877 4821 apud
894 4760 1060 4831 Dracantcm]
1081 4765 1222 4819 Pantanus
1239 4765 1267 4818 in
1319 4763 1463 4816 delinitum
1490 4766 1684 4831 quaestionum
1712 4787 1807 4837 genua
1835 4790 1889 4842 op-

709 4821 842 4902 lpmmate
864 4826 1052 4880 adnotationis
1073 4832 1101 4883 iu
1122 4850 1177 4899 qun
1198 4833 1270 4885 cita·
1319 4832 1431 4900 ponitur
1454 4831 1572 4884 infinito.

709 4888 869 4969 vrtflarnn.
886 4893 1040 4946 Professor.
1062 4898 1155 4962 XXH,
1177 4917 1203 4951 v.
1225 4905 1268 4952 10.
1355 4902 1378 4949 1.
1416 4898 1657 4967 Indicatioasetc.]
1678 4899 1721 4952 Cf.
1740 4903 1778 4955 de
1795 4906 1888 4960 verbo

712 4956 783 5021 Quid
806 4957 891 5010 Draco
914 4960 1010 5026 quidve
1031 4963 1111 5015 Solon
1134 4968 1268 5031 Senserit,
1319 4983 1344 5016 e·
1365 4966 1561 5031 1,§§60tv.

708 5022 796 5077 habet
820 5026 894 5093 apud
918 5028 1075 5080 Dracontem
1098 5034 1140 5083 vel
1168 5035 1268 5086 Draco·
1351 5037 1376 5083 2.
1412 5035 1440 5084 in
1458 5034 1506 5086 trac
1525 5036 1580 5085 scta
1601 5034 1677 5085 modo
1699 5036 1839 5092 disiuncta
1859 5075 1886 5091 ..

707 5107 776 5142 nam.
1316 5101 1498 5169 proferantur]
1516 5100 1558 5152 Cf.
1577 5101 1610 5151 de
1630 5103 1715 5152 verbo
1734 5121 1759 5154 c.
1782 5109 1808 5165 l,
1825 5108 1840 5171 ξ
1858 5112 1887 5160 6.

742 5157 819 5211 ΧΙΙΙ.
855 5159 1028 5227 diffinitione]
1055 5162 1154 5216 Verior
1177 5165 1267 5219 [arma
1352 5169 1378 5217 4.
1412 5168 1667 5233 imperatianafocit
1685 5171 1751 5236 ete]
1776 5171 1821 5223 Gt.
1840 5174 1887 5226 in·

708 5228 752 5275 oet
774 5228 936 5292 definitivas
965 5228 1012 5281 vet
1035 5230 1182 5299 definitur,
1217 5234 1266 5287 aad
1318 5233 1361 5286 fra
1379 5249 1403 5283 ο.
1422 5237 1467 5299 16,
1490 5234 1504 5300 5
1525 5239 1565 5287 12.
1600 5234 1681 5286 llaec
1702 5238 1848 5293 rationem
1866 5257 1887 5296 n
