5092 6425
1130 879 1266 965 CAPUT
1288 900 1343 965 lv.
1774 928 1847 970 xarx

616 1062 802 1118 llonachium
824 1063 951 1133 prolecto
971 1062 1042 1116 mihi
1061 1062 1266 1122 Fridericas
1285 1067 1523 1122 Thierschius
1544 1069 1577 1122 V.
1600 1069 1658 1135 cl,
1681 1073 1729 1138 qui
1752 1073 1780 1126 in
1800 1091 1845 1128 me

615 1157 642 1204 et
657 1167 721 1203 mea
738 1149 891 1202 literarum
908 1149 1002 1201 stadia
1020 1166 1132 1217 semper
1149 1152 1302 1219 plurimum
1321 1153 1441 1206 eontulit
1456 1153 1651 1222 benignitatis,
1672 1157 1781 1223 copiam
1802 1159 1845 1210 fe-

615 1238 667 1300 cit,
686 1243 718 1289 ut
736 1234 879 1299 codicem,
895 1232 942 1300 qui
960 1249 1033 1285 nuuc
1052 1237 1079 1286 in
1097 1235 1272 1289 bibliotheca
1288 1237 1451 1291 mercensi
1469 1239 1732 1308 iuterhugustaaos
1747 1242 1845 1310 siguu-

616 1329 661 1374 tur
678 1337 797 1374 uenero
816 1323 878 1382 4³9,
896 1325 925 1370 et
944 1335 1007 1370 cum
1030 1318 1066 1370 iis
1086 1336 1158 1386 quus
1181 1337 1215 1373 ex
1232 1322 1292 1374 illis
1309 1323 1437 1391 plagulis
1452 1322 1658 1390 descripseram
1677 1327 1843 1393 certamem,

615 1415 643 1460 st
667 1407 705 1459 iis
733 1407 869 1458 Mderem
896 1402 1021 1470 reliqua,
1048 1421 1164 1470 quorum
1186 1407 1288 1459 ultima
1312 1414 1378 1460 sunt
1402 1406 1470 1460 libri
1491 1408 1528 1460 ll.
1553 1425 1613 1476 cap.
1636 1413 1662 1461 t.
1686 1411 1699 1476 h
1724 1416 1749 1463 t.
1771 1413 1844 1466 haec

615 1493 715 1544 verber
734 1491 820 1542 codro
843 1483 874 1540 di
888 1484 936 1539 net
954 1483 1000 1538 διὰ
1016 1484 1068 1556 τὴν
1084 1490 1275 1559 στενοχωρίαν.
1311 1492 1423 1545 Codicis
1438 1491 1583 1545 chartacei
1603 1495 1699 1547 secula
1716 1495 1777 1547 xlv
1797 1498 1843 1548 vel

617 1577 670 1628 xi.
689 1576 792 1643 scripti
809 1574 867 1625 huc
885 1572 1027 1641 pertineat
1044 1576 1115 1629 lolia
1130 1576 1372 1641 bix-axilla,
1391 1578 1420 1629 in
1439 1594 1557 1644 quorum
1576 1579 1677 1631 altimo
1695 1580 1763 1632 olim
1784 1599 1844 1635 ma-

616 1661 726 1713 defacto
748 1675 839 1728 paene
857 1663 1031 1710 evanuerunt
1049 1663 1197 1728 permulta.
1232 1660 1400 1730 cogitabam
1418 1663 1570 1730 aliquando
1589 1665 1624 1716 de
1642 1665 1697 1718 hac
1717 1667 1845 1720 versione

616 1745 734 1797 editioni
761 1760 843 1796 meae
867 1742 1041 1811 adiicieuda,
1068 1762 1159 1813 neque
1185 1748 1285 1798 oberat
1309 1746 1377 1800 huic
1399 1765 1461 1800 meo
1482 1749 1602 1802 consilio
1625 1751 1844 1804 honestissimus

615 1832 793 1899 redemptore
812 1831 863 1882 sed
882 1846 945 1881 cum
963 1828 1098 1881 vidissem
1117 1831 1239 1896 plurima
1258 1832 1377 1885 Parisiis
1396 1850 1459 1885 esse
1481 1835 1616 1901 petenda,
1637 1836 1709 1903 quod
1729 1837 1843 1903 quidem

616 1924 711 1984 posset
731 1933 787 1968 nou
806 1915 868 1968 sine
886 1931 989 1983 magun
1009 1914 1072 1968 fleri
1092 1922 1219 1983 sumpta,
1247 1925 1276 1970 et
1294 1918 1499 1986 perspexissem
1517 1936 1550 1971 ex
1569 1920 1624 1973 hac
1643 1922 1772 1974 versione
1794 1939 1855 1974 ne·v

615 2018 668 2068 que
693 2002 766 2054 satis
793 2007 925 2052 accurate
948 2017 1038 2068 neque
1064 2016 1098 2051 ex
1120 2001 1243 2068 optimae
1265 2009 1349 2056 notae
1373 2004 1528 2072 exemplari
1552 2005 1628 2058 iacta
1650 2007 1758 2058 nullam
1783 2008 1844 2060 lere

615 2087 774 2138 redundare
793 2085 945 2139 utilitatem
963 2086 997 2137 ad
1017 2085 1103 2138 verba
1121 2085 1260 2139 Macrobii
1279 2088 1464 2154 emendanda,
1484 2089 1556 2142 illud
1575 2090 1724 2145 eonsilium
1742 2093 1844 2161 abieci,

616 2173 644 2226 id
659 2173 734 2240 quod
754 2188 807 2224 non
826 2187 927 2225 vereor
946 2187 980 2222 ne
998 2170 1061 2237 quis
1080 2171 1276 2238 reprehendet.

687 2256 890 2308 Brackeras
907 2255 936 2307 iu
952 2255 1081 2308 Historia
1097 2255 1161 2308 crit.
1179 2256 1380 2326 philosophiae
1399 2264 1465 2312 tom.
1485 2259 1535 2311 lll.
1554 2276 1620 2328 pag.
1637 2266 1697 2314 661.
1734 2262 1844 2313 Macro·

617 2341 700 2393 bium
724 2341 849 2393 nomiuat
870 2340 944 2392 inter
967 2356 1015 2392 eos
1040 2340 1195 2408 scriptores
1214 2343 1316 2408 quibas
1339 2349 1480 2411 tamquam
1499 2345 1630 2398 classicis
1649 2345 1693 2397 asi
1710 2344 1768 2397 siat
1785 2361 1845 2395 me-

618 2424 661 2477 dii
686 2425 750 2477 aeri
774 2425 913 2491 homines,
941 2425 1064 2494 dicitque
1088 2427 1149 2478 eius
1172 2429 1403 2495 perspicuitatem
1427 2430 1531 2482 iecisse
1553 2436 1585 2482 ut
1605 2430 1666 2482 illis
1689 2431 1736 2496 qui
1760 2430 1845 2496 paulo

617 2511 723 2563 melias
741 2518 872 2578 saperent
888 2528 1060 2580 magnopere
1077 2515 1253 2580 probaretur.
1288 2515 1320 2566 ln
1339 2515 1476 2583 exemplis
1494 2531 1566 2581 quae
1583 2515 1691 2582 profert
1707 2515 1762 2566 duo
1780 2519 1845 2566 saut

616 2614 690 2663 qaae
713 2597 872 2664 pertineant
896 2597 930 2648 ad
955 2597 1008 2649 hos
1031 2597 1268 2663 Commentarios,
1291 2617 1390 2663 unum,
1421 2602 1493 2667 quod
1513 2601 1670 2653 Elbodus
1693 2599 1844 2666 episcopus

617 2682 817 2752 wibergensis
836 2683 870 2735 de
886 2683 1068 2751 geometricis
1089 2685 1232 2736 nonnullis
1251 2684 1279 2736 in
1297 2685 1472 2737 Macrobium
1489 2691 1692 2738 commentatus
1717 2686 1770 2750 sit,
1799 2686 1845 2737 al·

617 2774 724 2831 terum,
751 2770 825 2835 qnod
844 2784 930 2836 saepe
953 2769 989 2820 ad
1011 2769 1188 2821 Macrobium
1205 2774 1339 2837 provocet
1358 2770 1541 2831 Honorius
1560 2770 1844 2839 Augustoduueu·

616 2853 665 2905 sis
680 2853 709 2905 iu
725 2854 809 2906 libris
827 2853 862 2906 de
879 2854 1063 2922 philosophia
1082 2854 1189 2920 muudi,
1206 2855 1309 2922 quibus
1327 2855 1355 2907 in
1367 2855 1491 2909 Fabricii
1503 2855 1684 2907 Bibliotheca
1702 2853 1762 2906 Lat.
1778 2860 1844 2906 tom.

616 2938 668 2990 lll.
685 2955 750 3008 pag.
766 2942 828 2991 180.
846 2940 961 2991 additur
978 2940 1104 2992 eiusdem
1122 2941 1196 2992 liber
1209 2941 1244 2993 de
1261 2942 1332 2993 solis
1350 2941 1511 2994 affectibus.
1545 2941 1653 2993 ibidem
1669 2938 1845 2991 Macrohiam

617 3022 813 3076 Theodosium
841 3031 941 3078 testem
969 3025 1074 3078 citasse
1096 3025 1201 3078 dicitur
1228 3026 1429 3079 Zacharias
1456 3025 1783 3095 chrysopolitanus
1803 3023 1845 3076 Τ.

617 3108 691 3160 xlx.
727 3109 804 3162 Bibl.
821 3111 898 3163 Patr.
919 3112 962 3164 ed.
980 3110 1071 3178 bugd.
1091 3128 1118 3178 p.
1140 3115 1201 3163 859.
1236 3113 1330 3164 Pauca
1354 3112 1389 3164 de
1414 3113 1469 3164 hoc
1495 3128 1580 3178 opere
1600 3110 1721 3177 sumpsit
1745 3109 1846 3161 loan-

617 3210 678 3247 nes
690 3194 985 3249 saresberiensis
1001 3196 1060 3264 (qui
1076 3206 1204 3250 mortuus
1220 3216 1284 3250 esse
1300 3198 1405 3251 dicitur
1417 3217 1443 3268 p.
1456 3197 1524 3250 Chr.
1541 3215 1568 3250 u.
1584 3214 1656 3251 anno
1670 3195 1845 3261 MCLXXX.)

618 3280 645 3331 iu
664 3281 855 3347 Policratico,
884 3282 936 3333 lib.
955 3282 992 3333 ll.
1014 3298 1094 3348 capp.
1116 3285 1148 3333 14
1166 3289 1194 3335 ct
1214 3287 1261 3347 15,
1289 3284 1339 3336 ubi
1357 3301 1429 3350 quae
1446 3283 1609 3336 Macrobius
1627 3282 1678 3332 lib.
1696 3282 1719 3333 1.
1740 3297 1801 3346 cap.
1820 3284 1846 3333 3.

618 3365 754 3418 disseruit
773 3367 807 3417 de
827 3367 998 3419 somniorum
1020 3366 1173 3435 generibus
1198 3374 1226 3418 et
1250 3368 1285 3419 dc
1304 3368 1426 3435 geminis
1446 3366 1556 3419 Somnii
1574 3366 1663 3433 portis
1683 3367 1847 3433 plerumque

618 3450 686 3502 aliis
708 3451 863 3502 redduntur
886 3451 990 3504 verbis.
1026 3452 1153 3519 Denique
1176 3452 1373 3504 memorandas
1398 3459 1442 3504 est
1460 3449 1666 3503 Vincentius
1684 3449 1847 3504 Bellova-

618 3535 752 3600 censis‚
780 3536 828 3602 qui
854 3535 931 3587 xlll.
959 3554 987 3605 p.
1012 3536 1062 3587 Ch.
1093 3554 1119 3588 n.
1146 3537 1243 3588 seculo
1268 3537 1425 3604 composuit
1444 3553 1576 3605 magnum
1600 3552 1670 3602 opas
1692 3535 1728 3587 ad
1751 3552 1848 3588 omnes

618 3620 788 3687 disciplinas
808 3622 962 3688 pertinens,
980 3624 1053 3689 quod
1073 3622 1220 3690 inscripsit
1236 3621 1425 3689 Speculum
1444 3623 1566 3686 maius,
1586 3627 1669 3689 atque
1686 3622 1714 3675 in
1732 3622 1787 3674 hoc
1804 3622 1849 3674 in-

618 3706 710 3758 serait
728 3707 818 3758 multa
836 3724 871 3759 ex
888 3707 936 3760 his
953 3706 1172 3760 Commentariis
1190 3712 1338 3774 excerpta,
1367 3709 1408 3761 ita
1427 3714 1521 3763 tamea
1540 3708 1708 3772 dilacerata,
1738 3712 1770 3759 at
1786 3708 1848 3760 ble-

618 3790 708 3843 crobii
729 3792 816 3844 rerba
833 3793 1027 3845 emendantem
1048 3791 1123 3844 nihil
1141 3793 1245 3847 iuvent.
1279 3795 1321 3845 lie
1340 3795 1459 3847 scholiis
1477 3794 1534 3846 vid.
1552 3810 1615 3860 cap.
1629 3793 1661 3845 V.

686 3876 725 3927 ll.
759 3875 877 3928 hibrum
903 3877 941 3929 de
968 3878 1186 3944 differentiis
1211 3887 1242 3932 et
1269 3881 1493 3933 societatibus
1517 3878 1640 3931 Graeci
1663 3878 1848 3946 Latinique

618 3962 709 4012 uerbi
733 3960 892 4014 adhibitum
919 3980 982 4014 esse
1005 3963 1040 4015 ad
1065 3965 1218 4016 docendam
1238 3964 1437 4017 discendamse
1458 3969 1605 4028 atramque
1627 3960 1755 4029 linguam
1782 3962 1848 4013 inde

619 4052 713 4113 potest
730 4046 846 4113 colligi,
873 4049 946 4114 quod
964 4047 1111 4114 complura
1130 4048 1204 4101 iuter
1222 4067 1254 4101 se
1272 4050 1385 4100 diversa
1403 4048 1485 4100 nobis
1504 4046 1606 4098 relicta
1625 4052 1690 4099 suut
1708 4052 1848 4113 excerpta,

619 4147 691 4197 qaae
712 4132 995 4185 commemoravimus
1014 4149 1099 4199 supra
1121 4149 1181 4202 cap.
1201 4135 1244 4197 11,
1262 4135 1304 4185 ll:
1337 4133 1386 4183 sed
1405 4136 1498 4184 tamen
1517 4146 1571 4181 nou
1591 4129 1662 4180 tanti
1681 4130 1848 4181 aestimatus

619 4233 683 4269 esse
700 4216 815 4268 ridetur
832 4215 882 4267 hio
898 4216 986 4279 liber,
1017 4222 1048 4270 at
1066 4218 1179 4285 saepias
1198 4217 1405 4271 describeretur
1426 4221 1516 4279 totas;
1547 4212 1657 4264 nullam
1678 4212 1753 4265 caim
1778 4212 1849 4265 inta-

620 4318 707 4371 gram
729 4300 792 4353 eius
810 4307 951 4354 servatum
971 4306 1015 4354 cst
1032 4304 1185 4371 exemplar.

691 4385 839 4453 Excerptis
857 4386 1054 4453 Parisinis,
1076 4406 1148 4456 quae
1172 4390 1306 4459 leguntur
1329 4389 1358 4441 iu
1382 4389 1444 4441 cod.
1461 4385 1554 4456 Regio
1574 4388 1651 4438 slas.
1676 4383 1797 4451 primam
1817 4386 1848 4437 P.

618 4472 734 4526 Pitheci
760 4479 858 4539 postea
875 4470 1048 4536 colbertino,
1073 4475 1232 4543 subscripta
1257 4483 1323 4527 suut
1346 4476 1464 4526 haecce:
1494 4472 1632 4540 Explicuit
1654 4471 1793 4537 dederatis
1817 4473 1850 4524 da

620 4561 686 4613 libro
701 4559 835 4611 Ambrosii
853 4558 983 4612 Macrobii
999 4559 1142 4613 Theodosii
1159 4579 1238 4629 mum
1257 4562 1387 4613 lohannes
1405 4566 1540 4626 carpserat
1556 4557 1745 4608 addiscendas
1763 4557 1849 4608 Gree-

620 4662 708 4698 eorum
727 4644 867 4696 cerberum
884 4642 1005 4711 regulos,
1022 4645 1125 4709 quibas
1144 4660 1160 4696 a
1179 4662 1263 4698 mauu
1282 4646 1386 4697 aetatis
1399 4641 1566 4710 posterioris
1585 4641 1656 4693 haec
1672 4658 1745 4691 nunc
1763 4658 1852 4708 paene

621 4729 741 4782 evanida
760 4733 826 4781 sunt
843 4726 968 4779 adiecta:
988 4727 1049 4793 „dn
1064 4728 1206 4781 Iohannes
1225 4731 1260 4781 sle
1278 4729 1495 4798 Basingestoras
1507 4725 1852 4795 drchidiaconuscegnae

621 4815 653 4867 da
671 4831 727 4881 quo
747 4813 836 4865 Mass.
855 4827 918 4878 pau.
938 4827 1002 4863 ann.
1022 4815 1097 4863 1252.
1115 4832 1142 4881 p.
1161 4818 1236 4878 1112,
1254 4831 1290 4866 an
1310 4814 1355 4865 vol
1373 4814 1532 4881 exemplum
1549 4812 1635 4864 huius
1651 4812 1744 4864 libelli
1763 4815 1852 4866 multo

620 4901 765 4968 antiquius
791 4894 945 4950 videtur‘i“
979 4896 1091 4948 Dicitur
1115 4902 1210 4949 autem
1235 4900 1323 4950 codex
1350 4898 1402 4950 ille
1430 4904 1562 4950 exaratus
1589 4914 1652 4949 esse
1679 4899 1776 4950 seculo
1805 4899 1852 4950 xl.

621 4985 641 5036 l.
658 4986 806 5037 Pontanus
828 4982 857 5033 in
876 4982 944 5034 edit.
963 4982 985 5033 1.
1006 4981 1154 5035 adnotavit
1178 4984 1299 5042 haecce:
1329 4981 1453 5047 „Censet
1476 4982 1611 5035 Pithoeus
1635 4982 1710 5034 hanc
1733 4982 1853 5035 lohan-

622 5086 694 5122 nsm
713 5069 874 5132 Scotum,
893 5066 984 5121 virum
1005 5066 1086 5119 illum
1103 5068 1230 5120 Graecae
1246 5067 1421 5133 Latinaeque
1439 5067 1556 5133 linguae
1572 5066 1786 5133 peritissimum,
1805 5069 1853 5135 qui

622 5154 722 5208 carole
745 5152 915 5220 imperatori
940 5156 1108 5205 coaetaneus
1132 5156 1160 5203 et
1178 5151 1310 5220 Dionysii
1331 5153 1420 5205 libros
1439 5150 1555 5203 hatinos
1578 5152 1655 5203 lecit.
1691 5153 1854 5204 bleminerit

622 5256 730 5307 queque
753 5237 884 5291 eiusdem
909 5235 1155 5303 interpretationis
1178 5237 1207 5289 iu
1230 5237 1352 5305 epistola
1373 5236 1508 5303 quaedum
1537 5236 1572 5286 ad
1595 5234 1728 5288 Carolum
1756 5243 1855 5300 regom·

622 5324 748 5392 pontifex
762 5322 909 5382 Nicolaas.
945 5320 1099 5390 Suggessit
1111 5320 1308 5391 Opsopoaus.“
1344 5322 1457 5393 Quibus
1470 5320 1501 5375 iu
1517 5320 1588 5375 edit.
1599 5321 1643 5374 ll.
1658 5310 1874 5376 amoenitatem.

1622 5407 1678 5491 bl
