5092 6425
730 864 792 930 152
1209 857 1419 927 Maenoba

729 1054 797 1098 rere
818 1039 849 1097 et
868 1039 1013 1098 tonomm
1034 1031 1082 1096 vel
1106 1029 1278 1095 limmatum
1299 1031 1419 1095 minuta
1441 1028 1582 1107 subtilia,
1610 1037 1642 1094 ct
1664 1030 1740 1116 quid
1763 1032 1795 1096 in
1818 1035 1901 1099 sonis

731 1140 786 1204 pro
809 1119 913 1195 litora,
936 1118 1009 1203 quid
1034 1138 1090 1201 pro
1110 1116 1238 1202 syllaba,
1260 1116 1333 1200 quid
1358 1137 1412 1200 pro
1434 1117 1554 1199 integro
1576 1115 1703 1180 nomino
1725 1118 1901 1203 accipiatur,

681 1205 871 1273 rualsenem
893 1203 1077 1268 ostentantis
1099 1210 1161 1278 est,
1188 1222 1251 1265 non
1272 1201 1420 1265 docentis.
1471 1202 1536 1266 Nec
1558 1203 1657 1277 enim,
1687 1203 1759 1287 quia
1778 1203 1850 1269 lecit
1870 1207 1902 1269 in

730 1290 789 1355 hoe
812 1292 879 1355 loco
902 1289 1011 1354 Cicero
1038 1287 1172 1352 musicae
1195 1287 1401 1360 mentionem,
1429 1287 1589 1354 occasione
1611 1285 1668 1351 hae
1695 1289 1833 1354 eundum
1855 1299 1903 1356 est

730 1396 786 1461 per
808 1377 968 1440 universos
990 1381 1136 1437 tractatus
1156 1373 1210 1459 qui
1234 1382 1365 1459 possunt
1383 1391 1450 1436 esse
1470 1372 1508 1436 de
1533 1373 1665 1449 musica,
1686 1394 1782 1458 quos,
1805 1397 1902 1460 quan·

731 1471 797 1525 tum
820 1482 887 1524 mea
907 1460 966 1524 lert
985 1459 1101 1545 opinio,
1120 1457 1287 1523 terminum
1308 1456 1422 1522 babere
1443 1479 1505 1522 non
1524 1458 1667 1522 aestimo:
1686 1458 1740 1523 sed
1761 1460 1812 1525 illa
1830 1471 1904 1527 sunt

731 1544 959 1630 persequenda,
994 1545 1106 1630 quibus
1127 1543 1219 1608 verba
1242 1564 1322 1628 quae
1343 1542 1532 1626 explananda
1556 1543 1706 1627 receperis
1727 1547 1845 1629 possint
1866 1549 1902 1611 li·

731 1652 844 1716 quere:
886 1631 958 1717 quia
980 1631 1012 1694 in
1034 1650 1068 1693 ro
1090 1629 1272 1694 naturaliter
1300 1628 1429 1694 obscura
1460 1629 1512 1714 qui
1543 1628 1574 1692 in
1601 1631 1782 1713 exponendo
1810 1633 1900 1715 plura

731 1738 824 1802 quam
847 1714 970 1781 necesse
994 1722 1041 1779 est
1064 1714 1273 1799 superfundit,
1299 1714 1384 1778 addit
1405 1715 1563 1791 tenebras,
1586 1735 1647 1779 non
1670 1715 1777 1780 adimit
1797 1718 1899 1782 donsi-

682 1803 834 1868 ldtatem.
883 1801 971 1867 Unde
994 1801 1086 1864 sanem
1109 1800 1147 1865 de
1170 1800 1227 1864 bac
1249 1807 1397 1864 tractatus
1419 1808 1505 1884 parte
1531 1798 1677 1864 iaciemus
1697 1801 1813 1866 adiecto
1835 1824 1900 1867 uno

731 1887 813 1971 quod
834 1886 914 1951 scitu
934 1886 1060 1970 dignum
1082 1896 1241 1971 putamus:
1283 1886 1370 1971 quie,
1406 1907 1475 1950 cum
1504 1885 1566 1949 sint
1588 1886 1739 1950 melodiae
1767 1888 1901 1969 musicae

730 1972 789 2036 tria
810 1992 938 2057 genera,
961 1974 1170 2036 enarmoniam
1192 1971 1352 2036 diatonum
1371 1979 1402 2035 et
1422 1969 1657 2047 chromaticum,
1680 1972 1814 2056 primum
1835 1975 1903 2058 qui·

731 2058 801 2121 dem
829 2065 956 2143 propter
981 2057 1108 2121 nimiam
1135 2057 1183 2122 sui
1209 2055 1419 2122 difficultatem
1447 2055 1485 2119 ab
1510 2076 1569 2120 usu
1596 2057 1738 2132 recessit,
1774 2059 1920 2141 tertium,

732 2162 806 2207 vero
832 2149 879 2206 est
899 2141 1012 2207 inlume
1033 2142 1176 2207 mollitie:
1216 2143 1299 2207 unde
1320 2141 1471 2218 medium,
1494 2140 1525 2205 id
1548 2148 1594 2205 est
1614 2141 1789 2220 diatonum,
1812 2165 1903 2208 mun·

683 2229 828 2293 ildanae
851 2227 985 2292 musicae
1008 2227 1146 2293 doctrina
1167 2227 1305 2292 Platonis
1327 2226 1498 2292 ascribitur.
1539 2227 1604 2293 Nec
1625 2226 1684 2291 boe
1707 2228 1789 2291 inter
1814 2251 1903 2313 prae·

680 2313 901 2397 [caepereunda
931 2334 1097 2412 ponemus,
1137 2313 1221 2400 quod
1249 2313 1396 2390 musicam
1419 2318 1572 2462 perpetua
1601 2312 1676 2376 caeli
1709 2313 1903 2380 volubilitate

735 2408 910 2465 nascentem
931 2398 1002 2466 ideo
1023 2402 1102 2465 clare
1125 2399 1358 2481 consentimus
1378 2419 1418 2464 au
1442 2397 1501 2477 tu,
1529 2397 1602 2482 qaia
1624 2398 1722 2464 maior
1742 2420 1836 2464 sonus
1856 2409 1906 2465 est

798 2585 867 2639 Mas.
884 2585 1113 2651 uersantem]

729 2683 785 2717 rere
807 2686 859 2733 ι’-κ
877 2669 949 2739 (alig
966 2669 995 2722 in
1014 2689 1071 2740 mg.
1087 2675 1262 2740 percurrere).
1289 2698 1320 2708 -
1349 2677 1476 2724 tenorum
1500 2669 1568 2721 s-nl.
1603 2669 1674 2733 „tta
1693 2674 1748 2722 ret.
1770 2677 1900 2724 tonorum.

729 2735 909 2788 Rectissime.
944 2737 1014 2791 Nam
1032 2757 1118 2805 supra
1135 2757 1159 2792 a.
1176 2744 1201 2790 1.
1224 2740 1249 2805 [5
1268 2743 1303 2790 22
1321 2740 1390 2806 serp]
1414 2737 1567 2806 distinguit
1587 2736 1661 2789 inter
1682 2745 1756 2790 tanos
1779 2745 1806 2790 et
1823 2742 1902 2791 semi-

729 2804 816 2867 tonia,
847 2821 918 2872 quae
935 2805 1067 2872 λείμματα
1088 2807 1198 2860 Platoni
1218 2811 1381 2858 vocentur.“
1407 2807 1491 2857 Zean.
1517 2833 1549 2844 -
1572 2807 1676 2857 minuta
1694 2808 1811 2858 subidia
1830 2809 1903 2869 (sie)

730 2870 825 2933 „msa
847 2899 881 2909 —
904 2890 953 2942 pro
970 2876 1073 2941 syllaba
1090 2881 1157 2936 (om.
1174 2877 1251 2944 quid)
1270 2875 1321 2926 Rl.
1343 2903 1377 2913 —
1404 2876 1533 2926 adsuere
1551 2890 1570 2940 g
1588 2875 1616 2924 in
1633 2890 1690 2941 mg.
1713 2901 1744 2911 -
1774 2878 1903 2928 ostentis

729 2940 782 2989 Rl·
936 2943 978 2993 12.
1015 2945 1093 3010 quod
1109 2945 1174 3008 fecit
1192 2949 1266 3010 (sup.
1286 2944 1328 2995 ael
1347 2943 1424 3010 quia)
1448 2942 1478 2992 C.
1501 2971 1536 2979 —
1562 2943 1717 2993 mentionem
1734 2945 1851 2994 musicae
1867 2944 1900 2995 F.

729 3006 884 3059 mentionem
900 3014 967 3069 (om.
985 3013 1114 3073 musicae)
1130 3011 1153 3063 1.
1171 3040 1205 3048 —
1221 3012 1340 3063 eundem
1358 3019 1396 3063 est
1415 3010 1465 3060 lit.
1484 3037 1517 3047 —
1530 3013 1587 3074 fert
1601 3025 1659 3060 msa
1676 3010 1728 3060 tta.
1745 3039 1776 3047 —
1795 3013 1903 3064 estimo

729 3081 775 3143 vti
810 3077 947 3128 existimo
965 3082 1043 3148 vil-g.
1066 3108 1100 3117 —
1124 3081 1305 3147 persequenda
1323 3087 1383 3130 sunt
1402 3077 1432 3128 F.
1467 3085 1528 3129 sunt
1547 3079 1751 3146 perquirenda
1769 3079 1844 3129 Rau.
1871 3109 1899 3118 -

729 3145 887 3210 susceperis
908 3144 940 3195 F.
966 3175 1000 3183 —-
1025 3155 1089 3217 posi
1110 3154 1186 3216 (sup.
1205 3149 1272 3207 sint}
1291 3149 1389 3215 liquere
1407 3145 1436 3196 (l.
1484 3147 1583 3212 liquere
1603 3146 1704 3214 possint
1722 3145 1753 3196 F.
1780 3175 1813 3183 -
1843 3165 1902 3215 qua

730 3217 807 3279 (sap.
824 3214 848 3272 s]
866 3214 894 3263 in
912 3231 941 3266 re
958 3214 990 3266 F.
1144 3222 1185 3269 13.
1213 3218 1308 3283 fidem
1328 3222 1404 3281 (sup.
1422 3218 1455 3274 n)
1471 3211 1503 3264 F.
1522 3242 1554 3252 -
1570 3214 1680 3276 faciam
1699 3214 1729 3264 0.
1746 3241 1781 3252 -
1798 3216 1903 3270 adiecto

731 3281 810 3340 (add.
828 3296 845 3332 a
863 3299 920 3334 soc.
936 3300 972 3335 m.
990 3289 1056 3344 uno)
1076 3284 1106 3335 C.
1129 3315 1162 3324 -
1186 3286 1269 3337 dictu
1285 3285 1397 3353 dignum
1415 3282 1446 3333 C.
1467 3309 1504 3322 -
1525 3282 1726 3332 enarmonicum
1744 3283 1846 3345 viagG.
1869 3313 1904 3323 -

729 3349 915 3402 chromaticum
933 3356 1002 3413 (om.
1026 3358 1064 3413 et)
1085 3352 1117 3403 F.
1157 3359 1182 3405 et
1198 3354 1365 3406 aromaticum
1389 3350 1438 3399 lta.
1461 3378 1495 3388 -
1519 3349 1706 3414 difficultatem
1725 3352 1767 3400 aui
1784 3350 1816 3400 F.
1847 3356 1903 3417 sa-

730 3417 855 3469 cuitatem
873 3425 948 3486 (sap.
967 3420 1066 3540 diffie.)
1085 3422 1128 3473 sui
1145 3421 1196 3473 lii.
1213 3451 1244 3459 -
1265 3421 1369 3473 recedit
1385 3416 1440 3469 Ta.
1460 3444 1493 3455 -
1506 3417 1607 3481 infame
1624 3425 1662 3470 est
1678 3417 1729 3467 112.
1747 3446 1779 3455 -
1794 3428 1905 3487 propter

728 3486 871 3538 mollicium
890 3485 920 3538 F.
938 3514 972 3527 -
1011 3490 1149 3541 iatonium
1167 3490 1219 3541 m.
1373 3489 1414 3538 14.
1451 3486 1506 3538 Nec
1522 3485 1591 3537 inter
1605 3487 1800 3552 praetereunda
1816 3504 1901 3555 pone·

730 3652 828 3714 lunae,
865 3652 968 3720 quippe
990 3672 1061 3721 quac
1084 3662 1112 3709 ot
1134 3657 1230 3710 infima
1253 3656 1292 3710 sit
1341 3656 1437 3708 britala
1462 3649 1628 3706 modulorum
1652 3654 1799 3705 suaviorem
1824 3656 1904 3709 babet

730 3727 760 3769 et
794 3720 916 3772 omnium
952 3724 1101 3776 celerrime
1137 3732 1291 3778 nroveatur.
1342 3724 1548 3775 delectationem.
1592 3721 1676 3773 Mart.
1702 3722 1809 3789 Capeti.
1839 3724 1903 3789 [lib.

730 3787 792 3837 Vid.
812 3788 847 3837 ll.
865 3786 964 3853 Steplr.
984 3790 1071 3843 Thes.
1096 3792 1145 3843 Gr.
1162 3792 1194 3843 Is.
1218 3812 1241 3845 s.
1265 3810 1291 3846 v.
1341 3791 1391 3855 lt,
1409 3792 1422 3856 δ
1439 3790 1510 3856 9511]
1535 3789 1686 3852 Claroma,
1707 3790 1807 3856 inquit,
1823 3794 1903 3843 semi·

728 3848 844 3914 ὕπατος.
878 3854 955 3905 Adde
972 3858 1047 3909 Plut.
1069 3860 1103 3911 de
1124 3860 1231 3912 Musica
1255 3861 1290 3927 [c.
1342 3860 1421 3911 laniis
1437 3858 1607 3924 componitur.
1646 3858 1812 3921 Sioutenim,
1831 3860 1903 3925 quod

732 3926 764 3975 19
787 3929 814 3974 et
830 3925 865 3972 22
883 3922 966 3989 sq.].“
986 3925 1073 3978 Zsan.
1342 3929 1411 3977 iuter
1426 3927 1515 3977 aldum
1531 3933 1555 3976 et
1567 3926 1686 3995 nigrum,
1706 3927 1776 3977 color
1793 3928 1901 3992 dicitur,

765 4014 885 4060 tonorum
903 4008 945 4059 ael
964 4008 1122 4079 limmalum]
1152 4010 1196 4064 Gi.
1220 4029 1242 4064 c.
1266 4014 1291 4077 1,
1342 3996 1382 4046 '‘l‘'
1403 3994 1451 4075 δῼΰ
1473 3994 1593 4075 cllwm‘ln
1628 3995 1692 4059 9⁰5⁰
1714 3996 1784 4046 lule?
1809 4012 1902 4078 ‘W’

731 4074 918 4141 §Moesta
1341 4062 1780 4180 monspmctdsatosbufmestt,
1817 4081 1903 4115 noma-

765 4180 806 4227 13·
843 4176 917 4246 9⁸5⁰]
937 4177 997 4229 Vld·
1016 4184 1072 4230 ¹¹⁰¹·
1089 4179 1124 4230 Μ
1144 4178 1167 4241 Ῑ,
1185 4182 1211 4243 θ,
1229 4184 1272 4231 ⁶²·
1340 4129 1600 4264 dgbudulllafftiddbm
1617 4147 1814 4263 praeiebbdib
1826 4147 1903 4251 ἓξὲξ

765 4264 956 4324 enarmonium,
975 4263 1111 4315 diatonum
1130 4271 1155 4315 et
1172 4265 1292 4315 claroma-
1346 4268 1449 4317 Genera
1465 4265 1626 4315 madulandi
1649 4273 1709 4316 sunt
1727 4267 1795 4321 tria.
1823 4260 1903 4331 ἔναρ-

730 4329 820 4409 ticum]
839 4332 1008 4410 „Platanon-
1024 4331 1058 4382 de
1074 4332 1172 4415 M¹¹⁸d⁰'
1191 4330 1224 4414 [p.
1238 4330 1291 4399 32]
1340 4330 1451 4398 μόνιον,
1469 4330 1587 4413 χρῶμα,
1599 4328 1735 4413 διάτονον.
1769 4328 1903 4414 Ἐναομό-

729 4394 1109 4530 ztttdtttitltast
1125 4398 1292 4532 laiillilf
1341 4402 1904 4537 tlt?tl‘tllttttt‘’ltlttltt.

730 4526 803 4594 σινὴ,
827 4525 1005 4595 διατόνου,
1029 4527 1216 4598 χρώματος,
1239 4526 1291 4597 a‘p-
1343 4529 1471 4586 διάτονον
1488 4552 1558 4594 οοτο,
1578 4538 1648 4603 qaod
1666 4539 1735 4587 tonis
1753 4539 1903 4603 copiasum5

728 4595 863 4681 pavlus,
881 4606 908 4649 et
927 4599 1032 4681 [ο.“33.]
1054 4600 1147 4680 {leiim
1164 4598 1230 4680 γαρ,
1249 4596 1292 4656 δτι
1341 4602 1438 4668 χρῶμα
1458 4604 1527 4670 quod
1548 4605 1580 4655 de
1600 4605 1750 4655 hemitoniis
1768 4606 1903 4672 componi-

727 4681 748 4746 νζ
770 4658 819 4727 μὲν
843 4682 976 4746 αρμονικη
1001 4684 1086 4736 paucos
1111 4684 1140 4720 τε
1162 4686 1218 4721 των
1239 4668 1291 4720 τοῦ
1341 4680 1398 4734 tur,
1433 4676 1461 4721 et
1484 4687 1555 4735 quaa
1581 4678 1736 4737 sequuntur
1759 4672 1901 4739 usquead

728 4743 902 4812 ηρμοσμενον
937 4732 984 4791 καὶ
1019 4731 1210 4801 διαστημάτων
1243 4734 1291 4788 καὶ
1342 4738 1355 4803 §
1383 4742 1442 4789 957.
1470 4740 1567 4790 verba:
1608 4742 1661 4799 Sed
1692 4758 1762 4791 nuno
1788 4742 1903 4792 manime

729 4810 909 4863 συστηματων
935 4799 983 4851 καὶ
1012 4799 1145 4869 φθόγγων
1174 4802 1221 4855 sal
1244 4799 1290 4855 τό·
1342 4806 1482 4857 diatono
1504 4809 1610 4859 utimur.
1652 4809 1728 4859 adde
1751 4808 1764 4873 δ
1787 4812 1847 4860 942.
1874 4813 1903 4860 et

727 4881 783 4916 νων
814 4862 862 4915 καὶ
892 4866 1052 5001 panopolis
1085 4871 1292 4939 συστηματικῶν
1341 4874 1443 4940 fragm.
1463 4890 1506 4940 ap.
1528 4875 1673 4926 Censorln.
1693 4881 1739 4939 12,
1759 4881 1781 4926 l.

728 4928 784 4984 ἔστι
804 4930 937 5004 γνωστική
976 4936 1012 4985 cf.
1037 4936 1074 4986 ib.
1101 4953 1123 4987 c.
1146 4938 1208 5002 ll.].
1243 4938 1291 4989 Vi·
1376 4946 1417 4992 14.
1451 4959 1505 4993 non
1523 4946 1648 4995 sentimus
1666 4944 1774 5010 auditu]
1797 4943 1903 4995 Censo-

727 5006 799 5050 trur.
825 5000 861 5064 V,
891 5006 916 5051 4.
945 5004 1048 5054 Genera
1071 5003 1289 5070 modulationum,
1341 5008 1396 5060 rin.
1420 5013 1465 5071 13,
1495 5014 1518 5060 l.
1544 5020 1574 5063 ut
1593 5013 1773 5064 dulcissimam
1798 5015 1904 5079 quidem

727 5069 832 5134 inquit,
866 5076 928 5121 sunt
950 5071 1013 5123 tria.
1054 5071 1188 5137 Primum,
1220 5075 1290 5143 quod
1340 5077 1480 5129 concinant
1496 5079 1638 5141 melodian,
1658 5081 1704 5131 sed
1720 5081 1904 5131 nobisinau·

731 5138 827 5189 Graeci
846 5146 941 5191 uocant
956 5139 1175 5201 harmoniam,
1198 5157 1291 5193 sacun-
1342 5145 1476 5196 dibilcm
1496 5154 1604 5214 propter
1622 5150 1715 5199 uocis
1733 5151 1904 5217 magnitu-

728 5205 956 5269 dumeltuna,
982 5207 1088 5259 tertium
1107 5206 1289 5261 diatonum.
1341 5214 1462 5274 dinem,
1494 5231 1573 5280 quam
1592 5232 1684 5282 capere
1702 5218 1832 5267 ararium
1849 5233 1903 5267 no·

729 5308 752 5325 ..
775 5274 910 5328 Clraoma
934 5275 1027 5331 subtili
1046 5275 1155 5330 solertia
1173 5294 1204 5330 ae
1223 5279 1290 5333 ocio·
1340 5288 1485 5334 atrorum
1507 5285 1690 5353 angustiae
1710 5299 1764 5335 non
1787 5285 1901 5352 possint.
