5092 6425
655 919 714 986 DE
736 916 842 983 DIFF.
862 914 917 981 ET
940 911 1029 980 SOG.
1051 910 1208 981 GRAECI
1228 913 1361 995 Laut).
1381 917 1516 984 VERBL
1558 919 1719 989 vl-vm.
1760 925 1825 992 243

655 1088 716 1154 sibi
736 1084 833 1151 vocali
856 1082 976 1179 incipit,
1013 1080 1174 1178 πεποίηκα
1195 1076 1415 1165 ἐπεποιήκειν,
1445 1084 1595 1172 γέγραφα
1617 1087 1827 1177 ἐγεγράφειο,·

656 1193 715 1237 οοο
736 1169 888 1235 inmerito.
931 1167 1008 1231 Bina
1024 1186 1107 1230 enrm
1125 1173 1275 1250 tempore,
1296 1177 1332 1231 ut
1352 1175 1385 1232 et
1407 1189 1500 1255 supra
1519 1171 1662 1255 diximus,
1677 1178 1854 1252 naturalis3

657 1256 809 1343 quaedam
837 1251 979 1338 cognatio
1008 1249 1184 1335 copulavit:
1219 1271 1290 1316 cum
1312 1253 1466 1337 praesenti
1496 1254 1714 1342 inperfectum,
1754 1284 1826 1329 cum

656 1341 793 1428 perlecto
816 1334 1205 1424 plusquamperfectum,
1239 1356 1311 1400 cum
1330 1339 1445 1404 aoristo
1467 1338 1656 1409 Graecorum
1678 1345 1827 1414 futurum.

655 1428 731 1493 Ideo
760 1424 841 1510 apud
870 1423 938 1488 illos
971 1421 1050 1486 sicut
1078 1420 1244 1505 incipiente
1269 1423 1423 1507 praesenti
1451 1445 1469 1489 a
1494 1425 1591 1491 vocali
1624 1427 1855 1515 inperfectumd

656 1512 798 1579 similiter
819 1531 836 1574 a
855 1507 952 1574 vocali
980 1505 1102 1591 incipit,
1141 1505 1166 1570 si
1194 1526 1268 1571 vero
1294 1527 1439 1593 praesens
1463 1530 1482 1574 a
1505 1522 1693 1579 consonante
1717 1518 1827 1602 coepit,

656 1598 780 1664 additur
802 1593 971 1681 inperfecto
993 1590 1121 1668 vocalis,
1157 1591 1287 1675 φθείρω
1309 1589 1485 1678 ἔφθειρον·
1525 1596 1569 1662 ita
1590 1605 1622 1662 et
1643 1598 1712 1683 plus
1733 1622 1827 1686 quam

656 1682 826 1769 perlectum
846 1679 939 1744 simili
961 1675 1174 1743 observatione
1197 1675 1235 1740 de
1255 1677 1344 1743 initio
1367 1679 1492 1764 perlecti
1514 1682 1635 1766 cognati
1660 1684 1717 1749 sibi
1743 1687 1827 1770 leges
1860 1722 1863 1726 ⁴

656 1767 786 1834 assumit
813 1773 941 1849 excepto
962 1784 1000 1827 eo
1022 1760 1105 1847 quod
1125 1760 1250 1827 brevem
1272 1783 1366 1848 quam
1386 1764 1417 1828 in
1438 1765 1535 1850 princi
1558 1767 1589 1832 io
1611 1768 1738 1852 perlecti
1757 1793 1827 1857 rep·

657 1854 739 1940 perit
765 1872 828 1916 non
852 1856 952 1914 mutat
979 1847 1011 1912 in
1037 1847 1176 1930 longam,
1216 1847 1296 1913 sicut
1315 1857 1415 1915 mutat
1440 1788 1644 1936 inperlictnm
1666 1854 1827 1941 decapite

657 1937 828 2025 praesentis
846 1943 1010 2018 acceptam,
1034 1926 1103 2013 άγω
1125 1921 1217 2014 ἦγον.
1259 1933 1336 1999 Post
1357 1935 1427 2019 plns
1448 1956 1541 2022 quam
1564 1937 1733 2022 perlectum
1754 1945 1855 2010 con-5

659 2043 792 2109 sequens
812 2027 887 2096 erat,
915 2026 950 2084 ut
971 2018 1009 2082 de
1032 2015 1152 2082 infinito
1173 2025 1322 2103 tempore,
1343 2019 1375 2083 id
1396 2028 1443 2085 est
1467 2021 1543 2105 περὶ
1561 2018 1728 2104 άορίστου,
1749 2032 1827 2092 trac.

658 2118 812 2186 taremus,
834 2104 887 2171 sed
905 2102 976 2168 ideo
999 2101 1287 2188 praetermittimus,
1310 2104 1382 2189 quia
1402 2126 1441 2170 eo
1460 2106 1610 2172 Latinitas
1630 2119 1721 2174 caret

1087 2188 1169 2252 Vlll.
1211 2187 1260 2253 De
1287 2188 1402 2254 luturo.

745 2279 821 2342 Tres
850 2280 923 2339 sunt
949 2270 1077 2336 omnino
1110 2272 1243 2357 syllabae
1271 2295 1352 2359 quae
1379 2274 1413 2339 in
1441 2273 1566 2340 Graecis
1594 2275 1695 2342 verbis
1723 2275 1854 2347 luturol

659 2362 792 2448 tempori
819 2359 985 2424 terminum
1013 2355 1147 2434 iaciunt„
1181 2362 1246 2423 Aut
1267 2359 1350 2423 enim
1371 2359 1404 2424 in
1426 2361 1497 2422 ΣΩ
1519 2360 1583 2425 exit
1608 2361 1714 2426 autin
1738 2360 1878 2451 Essymgy

659 2457 713 2516 aut
735 2449 767 2512 in
791 2447 871 2523 maa,
894 2438 1023 2526 λαλήσω
1042 2438 1156 2526 πράξω
1175 2438 1303 2527 γράψω,
1325 2444 1383 2508 nisi
1404 2443 1487 2529 quod
1510 2445 1618 2530 quinta
1636 2442 1828 2530 βαρυτόνων

659 2544 730 2600 ante
755 2535 789 2596 Ω
812 2529 959 2615 liquidam
987 2548 1075 2592 suam
1097 2527 1217 2592 retinet.
1259 2530 1339 2593 Item
1362 2528 1479 2595 Graeca
1500 2530 1607 2608 rerba,
1641 2532 1667 2596 si
1690 2531 1856 2616 perimo-2

659 2641 749 2684 mene
769 2617 831 2683 sint
851 2614 1072 2698 cuiuscumque
1093 2612 1332 2697 coniugationis‚
1351 2614 1431 2680 ultra
1454 2635 1618 2680 numerum
1640 2616 1827 2701 syllabarum

659 2703 828 2793 praesentis
852 2705 966 2784 augent
987 2718 1049 2762 uun
1071 2698 1185 2783 syllaba
1204 2698 1360 2764 futurum:
1395 2700 1481 2763 ποιῶ
1502 2695 1646 2784 ποιήσω,
1680 2702 1763 2783 τιμῶ
1782 2723 1828 2764 τι·

659 2793 766 2874 μήσω,
790 2787 875 2872 δηλῶ
896 2777 1048 2868 δηλώσω·
1075 2783 1223 2869 berytona
1246 2783 1279 2848 in
1301 2805 1495 2870 quecumque
1516 2785 1732 2870 coniugatione
1753 2807 1829 2851 eun·

660 2876 729 2940 dem
752 2891 916 2939 numerum
939 2875 1077 2935 servant:
1115 2865 1151 2932 λέ
1172 2891 1198 2933 ω
1224 2865 1324 2948 ίίξω,
1359 2864 1429 2953 άγω
1455 2864 1539 2949 άξω,
1577 2868 1690 2955 ἑγείρω
1718 2868 1829 2955 ἐγερῶ,

660 2954 818 3043 ήνιοχεάω
843 2949 1031 3040 ήνιοχεάσω.
1080 2955 1119 3018 ln
1143 2892 1269 3020 iiraecis
1296 2955 1476 3040 Latinisque
1505 2955 1607 3020 verbis
1640 2956 1858 3041 paenultima3

661 3043 831 3130 praesentis
858 3046 963 3103 manet
989 3037 1022 3101 in
1051 3036 1172 3114 luturo,
1213 3033 1328 3120 άγαπῶ
1362 3034 1534 3121 ἀγαπήσω,
1566 3061 1669 3120 -γα-
1702 3040 1830 3114 mansit;

661 3122 832 3212 θεραπεύω
862 3115 1069 3206 θεραπεύσω,
1107 3139 1226 3183 -πευ-
1259 3120 1386 3194 mansit;
1428 3124 1522 3206 capito
1555 3123 1703 3206 cogitabo,
1739 3127 1830 3208 -pi-

662 3212 783 3281 mansit.
826 3209 858 3276 si
878 3206 1008 3273 verbum
1029 3203 1201 3291 barytnnon
1221 3203 1262 3269 sit
1282 3203 1399 3269 babens
1419 3203 1450 3268 in
1476 3205 1629 3290 praesenti
1652 3203 1859 3288 μετάβοίονί

662 3309 733 3366 ante
757 3300 807 3377 dd,
836 3294 867 3360 id
887 3300 935 3358 est
954 3289 1101 3376 liquidam
1123 3295 1361 3367 consonantem,
1392 3297 1468 3353 tunc
1488 3289 1676 3374 paenultima
1698 3311 1776 3375 quae
1798 3291 1831 3355 in

662 3382 817 3472 praesenti
839 3379 929 3462 longa
951 3376 1010 3442 luit
1032 3374 1067 3439 fit
1088 3372 1189 3439 brevis
1211 3373 1243 3437 in
1265 3372 1385 3438 iuturo:
1414 3369 1526 3437 πίάνω
1549 3376 1678 3452 πλυνῶ,
1706 3374 1831 3457 χραίνω

616 3502 620 3509 ’
662 3470 800 3622 lttlln
818 3457 1484 3627 lli?llililrilliulrllllllill
1501 3459 1860 3626 tlta‘ttttt³¹lt³5

1180 3591 1187 3607 ·
1468 3592 1477 3622 a
1539 3611 1543 3622 .
1732 3591 1742 3621 ι
1818 3580 1832 3592 ·

665 3641 760 3728 φανῶ
782 3571 988 3721 elegendae.
1034 3629 1093 3695 Sed
1115 3649 1178 3693 non
1199 3648 1322 3712 semper
1342 3628 1399 3692 sub
1423 3627 1529 3694 eadem
1560 3627 1770 3712 praecedentis
1796 3628 1832 3693 li·

662 3737 747 3793 terae
768 3719 981 3789 observatione
1003 3714 1139 3781 succedit
1158 3712 1299 3779 adiectio.
1341 3714 1420 3780 Nem
1443 3712 1595 3800 inprime
1616 3712 1862 3800 coniugationeb

664 3820 717 3879 eut
744 3810 857 3873 Haut
885 3807 918 3869 E
947 3810 1019 3868 ante
1041 3802 1084 3869 alb
1112 3799 1304 3898 repperitur,
1337 3798 1436 3863 πωλῶ
1461 3794 1621 3883 πωλήσω,
1657 3800 1752 3885 φορῶ
1773 3823 1833 3884 φο-

664 3893 762 3983 ρήσω.
805 3895 848 3958 Et
866 3889 947 3977 apud
969 3888 1047 3966 illos,
1069 3892 1212 3973 quotiens
1235 3884 1267 3949 in
1286 3883 1391 3951 lutura
1408 3887 1530 3950 Eante
1553 3885 1588 3948 Ω
1608 3886 1744 3971 ponitur,
1764 3884 1833 3951 bre·

1580 4005 1665 4065 [ura.
1684 4006 1767 4071 pazo.

732 4097 797 4159 vn,
825 4100 851 4147 2.
885 4092 1115 4161 yperrintlrelicur
1137 4090 1170 4141 P.
1323 4090 1349 4139 4.
1383 4095 1527 4154 praesente
1553 4086 1623 4138 Edd.
1650 4114 1679 4125 -
1704 4084 1836 4155 ἔφθειρον

667 4163 769 4254 eurippi
789 4162 936 4229 Opscpnce
956 4165 984 4210 et
1001 4158 1106 4209 Zennie
1124 4155 1317 4208 suadentibus.
1334 4154 1488 4271 gpdmtppsti
1507 4148 1540 4269 Χέ
1563 4154 1835 4273 Yilibiui’millvoe

665 4223 1182 4369 ypaniiuriiniirdiiiiytilupoibpiidilbbd
1206 4223 1447 4354 ncn4irnprobnns
1472 4284 1595 4336 chnius
1617 4236 1765 4354 propbsnii
1783 4287 1836 4339 uri·

666 4386 721 4431 nus,
736 4372 812 4418 recte
831 4360 917 4430 γαίνω
938 4360 984 4411 vel
1003 4356 1093 4431 φαίνω
1115 4357 1161 4408 vel
1180 4352 1275 4422 χαίρω.
1429 4357 1453 4405 d.
1490 4346 1609 4420 φορέσω
1630 4354 1701 4405 Edd.

1661 4455 1726 4519 [Ed.
1745 4473 1767 4509 ε.

734 4550 809 4601 vul.
825 4550 827 4553 ⁴
844 4548 874 4599 ln
893 4548 928 4598 Vs
945 4546 1016 4596 hirec
1034 4547 1142 4595 tantum
1161 4542 1296 4609 leguntur
1311 4539 1368 4590 bue
1385 4537 1569 4604 pertinentia:
1606 4541 1630 4589 l.
1651 4543 1722 4603 (19.)
1759 4542 1838 4593 item

667 4631 720 4678 tres
738 4626 799 4671 sunt
819 4617 923 4668 omnino
941 4613 1071 4681 syllabae,
1106 4625 1174 4676 qnae
1191 4610 1220 4660 in
1237 4609 1344 4677 graecis
1361 4608 1444 4658 νοιίιίι
1456 4610 1552 4672 futuro
1573 4610 1684 4674 tempori
1700 4609 1839 4660 eminam

664 4688 784 4755 faciant,
820 4692 868 4737 οοι
886 4683 953 4733 enim
971 4684 999 4733 in
1019 4677 1161 4740 laesit,
1193 4678 1287 4728 autin
1305 4672 1373 4730 ΞΩ,
1406 4674 1499 4726 autin
1520 4672 1639 4739 ΨΩῙ),
1674 4684 1704 4729 nt
1721 4671 1838 4743 λαλήσω,

666 4752 774 4823 πράξω,
793 4748 891 4820 γράψω
911 4754 949 4808 ²).
985 4746 1021 4809 [V
1045 4745 1069 4807 ¹)
1092 4742 1155 4796 ΧΩ.
1191 4745 1218 4808 ⁹)
1242 4740 1396 4801 TPAxsr).

701 4876 727 4924 4.
763 4867 871 4939 φθείρω
906 4859 1047 4931 ἔφθειρον]
1084 4858 1165 4924 Quod
1200 4856 1228 4908 in
1313 4858 1338 4905 5.
1373 4856 1434 4906 ideo
1458 4855 1702 4923 praetermittimus]
1738 4854 1782 4908 Cf.
1813 4872 1837 4906 c.

667 4924 1231 4998 omnibnsexemplaribuslegitnmpdac-
1283 4926 1323 4984 18,
1343 4922 1397 4986 §⁷-
1680 4954 1682 4960 .

667 5024 707 5074 ρω
723 5004 862 5073 ἔφθαριια,
879 5001 944 5053 inde
962 5003 1052 5050 orturu
1068 5009 1130 5045 esse
1149 4998 1230 5058 pute·
1314 4989 1388 5041 vlu.
1429 4990 1469 5041 De
1486 4989 1592 5055 futuro]
1620 4989 1652 5040 ln
1675 4990 1778 5056 fragm.
1804 4989 1839 5039 de

668 5075 767 5135 verim,
788 5072 860 5138 qnod
878 5070 941 5135 qni·
959 5062 1083 5131 margini
1103 5058 1230 5125 educi-ip·
1281 5058 1366 5108 verbo
1396 5072 1536 5125 perpauca
1564 5057 1598 5108 dc
1626 5055 1682 5109 bec
1714 5063 1839 5122 tempore

669 5142 739 5191 serit
757 5135 887 5205 ἔφθαριια
900 5141 965 5203 pest
982 5134 1097 5183 verbum
1115 5126 1230 5195 repperit
1280 5130 1430 5194 supersunt
1446 5142 1469 5175 n.
1488 5126 1513 5188 1,
1530 5124 1542 5189 5
1562 5128 1603 5174 16.

668 5207 835 5267 addendum,
847 5205 933 5271 idque
948 5216 998 5271 pre
1016 5196 1148 5266 ἔφθειρον
1164 5195 1194 5246 lr.
1209 5194 1229 5245 Ι.
1314 5196 1340 5242 6.
1380 5190 1459 5259 φορῶ
1494 5184 1619 5271 φορήσω]
1655 5186 1839 5270 Desideratus

669 5274 708 5326 sit
727 5274 873 5326 inscrtum.
1204 5305 1207 5309 .
1280 5261 1440 5328 exemplum
1464 5258 1681 5323 saturninam
1709 5256 1839 5309 desinen-
