5092 6425
698 931 743 1001 36
1180 920 1388 991 Macuouu

701 1099 767 1166 neis
792 1096 856 1162 suis
882 1095 1012 1179 primam
1040 1097 1110 1178 post
1136 1109 1265 1177 corpora
1292 1091 1426 1156 diximus
1451 1090 1662 1175 incorpoream
1689 1109 1759 1155 esse
1781 1098 1873 1156 natu·

701 1204 781 1260 ram,
815 1201 871 1245 nec
891 1187 994 1243 tamen
1017 1177 1266 1262 sequestrandam
1288 1184 1415 1262 propter
1436 1181 1615 1260 perpetuam
1636 1195 1706 1240 cum
1734 1175 1873 1260 corpori·

701 1269 760 1332 bus
781 1265 973 1331 societatem:
1014 1282 1087 1346 ergo
1109 1262 1193 1347 quod
1215 1262 1253 1326 ah
1273 1260 1329 1326 hac
1349 1281 1455 1326 rursus
1477 1259 1606 1338 recedit,
1635 1259 1697 1323 iam
1720 1281 1799 1344 pure
1824 1262 1872 1324 in·

700 1370 882 1436 corporeum
903 1355 964 1413 est:
997 1366 1142 1410 numeros
1163 1354 1266 1412 autem
1289 1345 1347 1410 hac
1365 1344 1538 1429 superiores
1559 1344 1746 1442 praecedens
1768 1365 1872 1410 sermo

701 1434 860 1523 patefecit:
903 1431 1002 1517 prima
1030 1437 1076 1495 est
1100 1431 1193 1516 igitur
1220 1429 1366 1516 perfectio
1390 1429 1644 1514 incorporalitatis
1667 1429 1699 1493 in
1723 1431 1872 1508 numeris,

653 1522 734 1585 laec
751 1519 827 1583 haec
844 1525 899 1595 est,
918 1523 955 1581 ut
971 1516 1114 1592 diximus,
1134 1536 1334 1581 numerorum
1353 1514 1492 1579 omnium
1510 1514 1679 1600 plenitudo.
1723 1514 1871 1580 Seorsum

652 1605 764 1685 [catilla
785 1610 821 1667 ut
842 1622 934 1686 supra
955 1601 1193 1676 ammonuimus,
1215 1600 1373 1685 plenitudo
1396 1606 1444 1664 εει
1464 1619 1572 1664 eorum
1595 1598 1649 1684 qui
1675 1607 1731 1664 aut
1757 1621 1872 1685 corpus

700 1689 834 1754 alliciant
852 1693 906 1750 aut
922 1686 983 1751 vim
1005 1685 1164 1770 optineant
1184 1685 1391 1762 viuculomm,
1430 1683 1501 1747 licet
1519 1683 1594 1747 alias
1615 1703 1741 1768 quoque
1762 1706 1872 1750 causas

653 1778 693 1844 15
703 1774 816 1859 quibus
842 1771 926 1855 pleni
956 1770 1076 1835 numeri
1105 1769 1277 1834 efficiantur
1312 1789 1379 1833 esse
1413 1788 1475 1832 uon
1509 1767 1670 1852 ambigam.
1728 1768 1874 1847 Qualiter

702 1867 806 1923 autem
823 1855 999 1921 octonarius
1019 1875 1166 1919 numerus
1186 1854 1318 1919 solidum
1339 1873 1450 1938 corpus
1472 1852 1597 1930 alliciat,
1618 1861 1690 1918 ante
1709 1853 1780 1918 latis
1800 1874 1871 1938 pro-

701 1944 809 2008 hatum
830 1947 885 2004 cst
927 1941 1011 2023 Ergo
1030 1938 1226 2023 singulariter
1245 1958 1370 2024 quoque
1390 1937 1500 2022 planus
1519 1937 1585 2001 iure
1608 1937 1727 2003 dicetur
1742 1947 1872 2036 propter

666 2032 670 2043 “
701 2045 867 2113 corporeae
888 2023 1050 2089 soliditatis
1075 2025 1235 2097 effectum;
1265 2023 1320 2088 sed
1342 2022 1431 2087 etad
1452 2022 1548 2120 ipsam
1570 2022 1646 2087 caeli
1667 2022 1872 2102 harmoniam,

701 2113 733 2176 id
755 2118 802 2177 cst
823 2108 1063 2187 concinentiam,
1103 2108 1186 2173 huuc
1207 2128 1372 2175 numerum
1395 2127 1490 2191 magra
1513 2113 1620 2192 aptum
1640 2128 1706 2173 esse
1725 2129 1789 2172 non
1813 2109 1872 2175 du-

700 2196 787 2262 bium
808 2201 870 2271 est,
891 2215 961 2260 cum
981 2193 1129 2277 sphaerae
1151 2193 1235 2278 ipsae
1255 2202 1326 2259 octo
1347 2191 1423 2270 sint,
1443 2212 1522 2277 quae
1541 2200 1719 2258 moventur:
1740 2192 1779 2257 de
1824 2194 1871 2260 ui-

651 2283 759 2350 idhus
782 2287 944 2346 secuturus
962 2299 1064 2343 sermo
1086 2278 1239 2364 procedet.
1282 2277 1401 2343 Omnes
1420 2297 1545 2362 quoquc
1564 2285 1676 2362 partes,
1696 2277 1735 2342 de
1755 2216 1870 2362 quihus

700 2373 820 2432 constat
841 2364 891 2430 hic
912 2384 1070 2441 numerus,
1092 2363 1168 2428 tales
1191 2368 1273 2438 sunt,
1297 2370 1332 2428 ut
1353 2383 1392 2426 ex
1411 2382 1517 2426 earum
1539 2382 1686 2446 compage
1707 2362 1870 2448 plenitudo

700 2458 851 2515 nascatur.
898 2450 957 2513 Est
982 2448 1065 2512 enim
1092 2457 1146 2511 aut
1172 2447 1211 2511 da
1237 2446 1287 2510 his
1313 2467 1392 2531 quac
1425 2466 1525 2530 neque
1553 2454 1740 2544 generantur
1768 2451 1870 2534 neque

700 2539 863 2617 generant,
894 2531 932 2594 dc
950 2529 1081 2594 monade
1103 2536 1134 2594 et
1153 2551 1185 2594 se
1208 2538 1288 2607 tem,
1320 2551 1399 2615 quae
1421 2531 1522 2615 qualia
1544 2538 1606 2596 erut
1630 2552 1687 2597 auo
1717 2532 1785 2597 loco
1806 2533 1869 2619 ple·

700 2617 771 2681 nius
792 2613 1009 2699 explicabitur:
1049 2621 1103 2677 aut
1123 2612 1161 2677 de
1183 2551 1337 2698 ‹luplicato
1358 2635 1396 2678 eo
1417 2615 1469 2700 qui
1491 2622 1523 2679 et
1540 2623 1705 2700 generatur
1727 2624 1759 2682 et
1777 2639 1869 2700 gena-

700 2707 763 2776 rat,
800 2699 831 2763 id
854 2706 901 2763 est
920 2705 1080 2781 quattuor:
1121 2718 1193 2763 nam
1213 2698 1264 2762 hic
1284 2719 1432 2764 numems
1452 2708 1597 2784 quattuor
1619 2709 1650 2766 at
1671 2701 1809 2768 nascitur
1829 2703 1868 2768 dc

701 2784 822 2850 duobus
846 2789 878 2846 et
904 2790 974 2846 octo
1002 2788 1144 2866 generat:
1175 2790 1236 2857 aut
1257 2783 1443 2867 conponitur
1468 2784 1506 2848 de
1533 2785 1690 2851 trihuset
1720 2787 1869 2885 quinque,

700 2888 834 2954 quorum
856 2866 935 2932 alter
953 2866 1071 2951 primus
1091 2867 1230 2932 omnium
1251 2889 1452 2933 numerorum
1475 2868 1564 2954 inpar
1583 2870 1739 2954 apparuit,
1760 2893 1870 2956 quma·

650 2954 738 3021 ilrii
762 2960 865 3018 autem
887 2951 1056 3035 potentiam
1077 2971 1209 3036 sequens
1229 2960 1378 3018 tractatus
1399 2953 1537 3038 attinget.
1579 2953 1774 3040 Pythagorici
1794 2977 1870 3022 vero

700 3039 783 3103 hunc
810 3056 975 3102 numerum
995 3035 1148 3102 Iustitiam
1175 3045 1377 3115 vocaverunt,
1415 3039 1487 3123 quia
1514 3039 1632 3123 primus
1657 3040 1799 3105 omnium
1827 3043 1871 3107 ita

699 3123 829 3188 solvitur
855 3121 887 3185 in
908 3141 1054 3186 numeros
1079 3122 1193 3205 pariter
1217 3143 1322 3209 pares,
1356 3123 1415 3187 hoc
1440 3129 1487 3186 est
1507 3122 1539 3186 in
1559 3123 1607 3187 his
1633 3132 1799 3209 quaterna,
1833 3135 1872 3193 ut

699 3206 899 3273 nihilominus
925 3205 957 3270 in
982 3228 1245 3292 numerosaeque
1273 3207 1388 3292 pariter
1411 3228 1499 3293 pares
1521 3207 1629 3273 divisio
1655 3230 1781 3295 quoque
1803 3211 1871 3297 ipsa

699 3294 844 3368 solvatur,
862 3292 895 3357 id
917 3299 964 3356 est
982 3292 1013 3356 iu
1031 3292 1078 3358 his
1101 3292 1182 3357 bina.
1224 3293 1341 3358 Eadem
1362 3313 1487 3378 quoque
1510 3292 1656 3389 qualitate
1681 3297 1868 3376 contexitur,

649 3377 865 3447 18idesthis
887 3376 1038 3443 hinchic
1081 3376 1161 3445 Cum
1178 3398 1255 3465 ergo
1281 3386 1313 3443 et
1337 3376 1492 3444 contextio
1516 3378 1612 3463 ipsius
1637 3379 1705 3467 pari
1730 3384 1869 3468 aequali·

765 3597 835 3649 hine.
853 3596 1122 3658 trasumenum]

696 3706 731 3718 -
748 3696 766 3731 a
782 3680 858 3731 linae
874 3680 926 3731 [tt.
942 3708 977 3719 -
996 3680 1120 3745 dicimus]
1137 3680 1152 3745 ξ
1169 3682 1186 3730 ὁ
1201 3695 1242 3746 aq.
1257 3706 1294 3721 -
1312 3696 1366 3733 eree
1381 3682 1410 3732 ia
1425 3696 1574 3747 corpoream
1593 3681 1645 3734 liz.
1678 3700 1734 3736 ecee
1751 3686 1831 3745 (add.
1850 3700 1870 3739 ι

697 3762 753 3796 aec.
772 3762 809 3796 nt.
827 3746 886 3797 iaco
920 3751 1022 3805 orcam)
1040 3745 1071 3796 F,
1092 3773 1118 3784 -
1139 3747 1172 3797 ah
1191 3748 1241 3799 hae
1256 3749 1438 3815 superficie
1455 3750 1508 3799 111.
1527 3775 1567 3810 -,
1578 3766 1646 3818 pure
1659 3758 1697 3803 ut
1713 3770 1870 3805 aumerue

697 3812 730 3862 F.
745 3839 779 3849 -
816 3762 954 3863 racecffene
968 3818 1061 3872 ammo]
1078 3811 1128 3876 Μ.
1142 3837 1175 3851 ··
1194 3814 1285 3865 Prima
1301 3822 1340 3865 eet
1356 3817 1394 3883 ig.
1410 3819 1479 3881 perf.
1494 3817 1594 3883 iaecrp.
1612 3820 1754 3871 occurrit
1771 3822 1801 3871 ia
1815 3838 1869 3872 au-

696 3879 776 3930 merie
792 3828 886 3928 fib·
905 3885 936 3928 ut
953 3878 1077 3945 dicimus]
1093 3878 1143 3943 54.
1160 3905 1194 3917 -
1207 3882 1347 3947 plenitudo
1362 3884 1504 3934 communie
1520 3883 1591 3934 Bau.
1738 3889 1779 3937 tt.
1817 3889 1870 3940 Se·
1896 3906 1900 3910 ·

697 3962 784 3998 crium
803 3946 853 3997 illa
867 3944 1181 3997 Maneauuaauanu.
1220 3964 1335 4000 ceccaum
1351 3955 1455 4001 autem
1473 3951 1522 4001 ilia
1541 3950 1610 4002 Edd.
1626 3979 1661 3990 —
1682 3957 1713 4004 ut
1730 3970 1788 4021 cup.
1808 3966 1870 4006 aar·

697 4011 776 4081 moa]
795 4013 809 4079 ᾗ
828 4014 853 4063 4.
887 4020 918 4065 ut
934 4028 1016 4078 supra
1037 4013 1179 4063 diximus
1199 4030 1227 4063 v.
1244 4040 1279 4053 -
1296 4032 1371 4083 quae
1388 4022 1436 4069 aut
1455 4020 1498 4067 ri.
1537 4034 1615 4084 puae
1631 4020 1672 4071 ad
1688 4023 1730 4070 εδ.
1755 4048 1782 4058 -
1804 4025 1868 4089 effi-

697 4080 884 4133 oiuatFBrru·
919 4080 1048 4146 efficiunt
1065 4086 1123 4132 aut
1141 4081 1414 4150 efficiunturv-g.
1450 4083 1578 4150 efficiant
1593 4093 1650 4137 out
1666 4087 1871 4150 efficiantur

698 4147 754 4200 uh.
791 4149 846 4209 (Ex
863 4147 913 4213 §a
931 4146 1109 4199 scribendum
1127 4164 1189 4198 esec
1206 4147 1329 4202 ridetur:
1346 4158 1393 4203 aut
1408 4166 1543 4218 corpora
1561 4153 1735 4217 efficiantur.)
1746 4183 1783 4195 —
1799 4157 1871 4210 ohti-

694 4221 771 4267 aeat
793 4215 941 4283 fficiam-g
960 4215 1007 4280 (vl
1028 4215 1095 4281 opt.)
1117 4242 1149 4252 -
1167 4233 1220 4267 noa
1237 4234 1293 4268 eece
1309 4217 1337 4269 S.
1353 4246 1388 4258 -
1404 4219 1590 4299 ambigamus
1608 4219 1694 4286 „lege
1709 4237 1772 4272 euru
1792 4222 1870 4275 nnti-

696 4282 774 4349 quiaa
798 4284 840 4335 ite
857 4283 984 4344 dirimunt,
1002 4283 1193 4333 admonuimus.
1230 4284 1364 4336 Deiectus
1382 4284 1455 4335 idem
1473 4301 1501 4335 ra
1521 4284 1570 4336 lih.
1587 4285 1629 4351 11,
1653 4301 1712 4352 cap.
1732 4292 1766 4338 12
1785 4290 1811 4356 [ᾗ
1828 4290 1868 4357 2]

695 4350 838 4411 revolvam,
855 4365 917 4399 curn
936 4348 1004 4400 liltri
1021 4354 1087 4400 vett.
1105 4366 1201 4400 ornnes
1214 4352 1422 4403 revolvamua.“
1438 4351 1528 4402 Gran·
1679 4358 1722 4404 16.
1758 4367 1870 4409 octona-

695 4415 752 4465 rius
769 4421 838 4474 (oar.
853 4420 990 4474 numerus)
1004 4413 1035 4464 F.
1052 4440 1088 4457 -·
1104 4424 1167 4468 ante
1181 4418 1255 4483 latia]
1271 4418 1287 4484 5
1304 4422 1344 4469 ll.
1377 4425 1411 4469 ut
1429 4425 1490 4469 ante
1506 4416 1570 4469 latia
1585 4415 1679 4471 LBrrrt.
1714 4430 1779 4474 ante
1796 4427 1870 4478 ratic

696 4495 746 4545 eg
766 4481 800 4540 (h
821 4480 851 4531 in
874 4496 932 4547 mg.
955 4482 1101 4545 „antelatis
1119 4486 1220 4541 ant.“).
1239 4512 1273 4523 --
1295 4486 1437 4551 prelatum
1454 4484 1525 4536 Bari.
1542 4511 1576 4523 -
1595 4486 1716 4553 plenius
1738 4491 1816 4557 gua.
1832 4520 1870 4532 -

696 4547 856 4598 armoniam.
873 4547 942 4599 hunc
960 4553 1036 4614 (sup.
1053 4549 1117 4601 add.
1134 4552 1341 4613 continentiam)
1362 4550 1394 4603 F.
1416 4576 1450 4589 -
1470 4553 1545 4618 iprae
1566 4568 1621 4605 om.
1641 4554 1692 4605 Rl.
1715 4583 1750 4593 -
1770 4558 1869 4624 quidue

695 4614 1007 4725 {vundan-acccc.
1025 4615 1118 4681 rama]
1136 4616 1552 4736 c.14,§23.-Gproeeditltt.
1636 4692 1646 4737 ί
1690 4625 1731 4673 to.
1767 4641 1869 4678 corun

595 4795 597 4798 ,
695 4688 1315 4811 ,attatttttuttttttaetttt
1408 4695 1869 4821 ttt‘t‘ttttttttttt‘:

695 4825 752 4860 sec.
766 4827 802 4861 m.
816 4814 977 4877 septenario)
991 4814 1043 4863 lli·
1058 4842 1083 4851 -
1097 4831 1144 4866 ruo
1160 4817 1226 4883 loco]
1238 4830 1297 4884 cap.
1314 4818 1366 4883 (ἠδ
1383 4820 1395 4867 l
1410 4825 1438 4868 ει
1447 4822 1516 4867 7.-
1532 4819 1667 4885 duplicato
1684 4828 1753 4883 (om.
1768 4832 1813 4886 ee)
1830 4827 1866 4881 tt.

697 4902 725 4913 —
741 4882 770 4927 et
785 4879 902 4943 quinarii
918 4886 1007 4931 autem
1024 4879 1057 4929 B.
1092 4882 1210 4946 quinarii
1225 4886 1311 4935 enim
1329 4891 1405 4948 (sup.
1417 4890 1518 4943 autem)
1538 4884 1588 4935 Rss.
1601 4914 1635 4925 -
1652 4905 1703 4955 req.
1718 4895 1866 4962 tractatae]

694 4957 757 5008 cap.
773 4946 799 5005 6,
816 4943 830 5008 5
850 4948 888 4996 19.
1024 4948 1066 4995 11.
1100 4962 1162 4998 uero
1177 4948 1232 4999 dal.
1247 4950 1283 5001 Η.
1295 4976 1323 4987 -
1339 4966 1422 5021 aeque
1439 4951 1508 5009 (del.
1521 4953 1636 5019 pariter)
1656 4956 1690 5006 H.
1706 4984 1740 4995 -
1758 4959 1810 5011 lace
1826 4969 1867 5015 eet

693 5016 824 5138 tetta
842 5010 1025 5140 l⁰ht‘'h⁶{⁸'
1042 5009 1323 5134 latialitiltfs‘
1339 5043 1372 5055 “
1394 5017 1514 5133 '⁰²⁰⁶li'
1530 5021 1866 5157 ‘ttttttlilt‘l’

693 5146 719 5191 et
731 5144 856 5196 coateaio
871 5144 941 5195 Brrrr.
958 5143 1015 5207 (Ru
1031 5159 1091 5210 cup.
1110 5145 1173 5196 add.
1189 5149 1224 5213 ι),
1237 5173 1269 5186 -
1288 5148 1489 5214 aequabilitate
1500 5149 1608 5212 „lihri“
1625 5153 1712 5206 Gron.
1733 5129 1783 5223 qhi
1796 5130 1866 5213 aon:

691 5205 748 5261 fert
765 5224 825 5278 cap.
892 5209 916 5278 [5
936 5211 987 5279 10.]
1006 5211 1193 5279 aequabiliter
1209 5214 1293 5270 diam
1309 5221 1338 5269 et
1355 5216 1542 5283 aequabiliter
1555 5218 1640 5271 laceri
1658 5221 1717 5277 alio
1737 5224 1803 5281 loco
1828 5227 1864 5297 [l,
