5092 6425
691 908 736 977 60
1176 902 1386 973 uacuouu

692 1098 797 1148 rerum
817 1076 1010 1164 publicarum
1033 1074 1152 1140 actibus
1174 1095 1209 1140 se
1230 1081 1433 1162 sequestrant
1474 1075 1594 1140 flamm

691 1165 802 1241 redint,
829 1163 971 1248 superius
992 1161 1214 1246 expressimus,
1238 1182 1309 1226 eum
1330 1160 1369 1226 de
1390 1161 1557 1228 virtutibus
1577 1094 1865 1245 phidosophantium

662 1249 880 1325 idiceremus,
908 1267 985 1331 quas
1006 1247 1087 1312 solas
1109 1245 1234 1330 quidem
1254 1246 1495 1312 aestimaverunt
1515 1264 1583 1310 esse
1605 1245 1748 1311 virtutes.
1791 1247 1866 1310 Ter-

691 1335 754 1401 ts'ae
773 1340 847 1399 sunt
864 1331 985 1417 purgati
1006 1331 1067 1397 iam
1089 1329 1297 1417 defaecatique
1313 1331 1408 1396 animi
1430 1338 1462 1396 et
1480 1330 1518 1395 ab
1538 1329 1622 1394 omni
1643 1330 1754 1395 mundi
1773 1329 1865 1396 huius

691 1418 853 1505 aspergine
872 1436 976 1566 presse
994 1436 1134 1503 pureque
1153 1416 1276 1481 detersi.
1317 1417 1384 1481 litio
1407 1414 1589 1503 prudentiae
1607 1422 1656 1480 est
1677 1415 1782 1480 divina
1802 1437 1865 1481 non

692 1504 781 1590 quasi
804 1503 835 1566 in
857 1501 1007 1566 eectione
1028 1500 1182 1587 praeferre
1203 1502 1256 1567 sed
1278 1502 1343 1567 seia
1362 1522 1463 1578 nosse,
1482 1499 1618 1577 ethaeo,
1636 1506 1798 1586 tamquam
1819 1501 1864 1566 ni·

692 1586 919 1664 hiratarius,
948 1585 1078 1652 intueri:
1112 1586 1334 1671 temperantiae
1358 1594 1497 1652 terrenas
1522 1585 1707 1672 cupiditates
1729 1606 1793 1650 non
1814 1607 1863 1652 re·

690 1673 825 1760 primere
843 1672 897 1737 sed
917 1671 1040 1761 penitus
1061 1671 1213 1739 oblivisci:
1239 1670 1429 1739 fortitudinis
1442 1669 1604 1770 passiones
1621 1669 1778 1756 ignorare,
1799 1692 1864 1737 non

690 1757 829 1836 sineere,
859 1764 895 1822 ut
915 1758 1028 1821 neunt
1047 1758 1154 1835 irasci,
1186 1759 1291 1844 cupiat
1307 1757 1403 1824 nihil:
1440 1755 1576 1823 iustitiae
1599 1755 1642 1822 ita
1660 1776 1732 1821 eum
1753 1777 1864 1855 supera

691 1850 724 1910 et
744 1843 847 1909 divina
869 1849 972 1907 mente
993 1841 1111 1921 sociari,
1133 1851 1169 1909 ιιι
1188 1849 1291 1907 servet
1307 1850 1491 1929 perpetuum
1513 1862 1583 1907 cum
1606 1861 1642 1906 ea
1664 1839 1774 1907 foedus
1794 1842 1862 1906 rmi-

643 1925 795 1995 idtando.
854 1926 991 2006 Quartae
1018 1937 1105 2005 sunt,
1149 1926 1287 2026 quaein
1316 1928 1382 2012 ipsa
1412 1926 1516 1993 divina
1548 1934 1652 1991 mente
1678 1927 1863 2005 consistunt,

691 2034 784 2100 quam
805 2011 939 2078 diximus
962 2013 1046 2077 νοῦν
1066 2031 1182 2079 somn:
1222 2033 1240 2077 a
1261 2032 1394 2098 quarum
1420 2011 1562 2098 exempto
1587 2011 1724 2098 reliquae
1751 2032 1862 2078 omnes

640 2108 752 2186 [ss]pcr
769 2097 909 2164 ordinem
929 2098 1077 2164 defluunt
1118 2099 1199 2165 Nam
1220 2097 1245 2161 si
1267 2117 1372 2162 rerum
1392 2098 1538 2176 aliarum,
1562 2097 1661 2162 mutto
1681 2096 1777 2182 magis
1799 2097 1862 2163 rir-

691 2190 794 2251 tntum
821 2182 904 2248 ideas
931 2183 1054 2249 esseio
1080 2193 1183 2249 mente
1212 2181 1399 2247 credendum
1428 2190 1485 2248 est.
1531 2182 1598 2247 liiic
1625 2180 1788 2268 prudentia
1813 2190 1864 2248 est

692 2289 781 2336 mens
802 2268 867 2353 ipsa
889 2269 1007 2334 divina:
1044 2267 1263 2355 temperantia,
1296 2268 1378 2354 quod
1406 2266 1438 2332 in
1461 2287 1494 2332 se
1514 2275 1662 2353 perpetua
1689 2266 1862 2333 intentione

692 2374 840 2421 conversa
860 2363 921 2419 est:
940 2353 1098 2432 fortitudo,
1119 2353 1201 2440 quod
1219 2374 1341 2439 semper
1359 2352 1441 2418 idem
1459 2360 1508 2417 est
1527 2372 1585 2418 nec
1605 2350 1773 2450 aliquando
1793 2374 1861 2418 mu·

692 2445 791 2504 tatur:
826 2440 956 2516 iustitia,
984 2438 1066 2524 quod
1087 2438 1214 2524 perenni
1236 2438 1303 2522 lege
1324 2458 1342 2503 a
1366 2439 1552 2524 sempiterna
1571 2457 1675 2524 opens
1696 2437 1747 2502 sui
1765 2439 1861 2503 conti·

643 2523 841 2587 llnuatione
862 2543 926 2588 non
948 2522 1089 2587 flectitur.
1131 2525 1217 2588 Haec
1236 2530 1310 2587 sunt
1335 2530 1555 2622 quaternarum
1581 2529 1728 2621 qrrattuor
1746 2543 1860 2672 penem

691 2606 858 2680 virtutum,
894 2627 974 2691 quae
999 2614 1121 2691 praeter
1148 2614 1249 2672 cetera
1277 2629 1441 2673 maximam
1469 2607 1501 2671 in
1523 2606 1717 2693 passionibus
1769 2608 1861 2673 abent

689 2690 895 2842 piffepentiam
919 2690 976 2756 sui.
1019 2690 1181 2757 Passiones
1203 2698 1323 2772 antem,
1355 2700 1393 2759 ut
1419 2694 1547 2772 scimus,
1582 2701 1745 2774 vocantur,
1777 2694 1859 2780 quod

713 2795 833 2840 ommes

765 2880 818 2909 ·-
836 2870 970 2927 metuunt
989 2861 1183 2950 caspiumque,
1208 2862 1306 2928 dolent
1323 2866 1518 2952 panduntque.

689 2945 754 3012 Has
774 2946 891 3032 primae
911 2947 1067 3025 molliunt,
1088 2948 1240 3014 secundae
1259 2947 1418 3029 auferunt,
1437 2949 1547 3016 tertiae
1568 2947 1807 3028 obliviscuntur,
1827 2950 1859 3015 in

640 3030 681 3096 12
691 3031 809 3117 quartis
832 3031 917 3097 nefas
939 3040 986 3097 est
1008 3030 1169 3097 nominari.
1219 3033 1251 3098 Si
1275 3054 1349 3119 ergo
1374 3035 1433 3101 hoo
1452 3042 1500 3100 est
1521 3033 1656 3100 officium
1678 3041 1710 3099 et
1731 3035 1859 3100 effectus

688 3115 856 3194 virtutum,
880 3117 987 3196 beare,
1015 3125 1135 3184 constat
1155 3126 1259 3184 autem
1282 3127 1313 3185 et
1333 3119 1471 3205 politicas
1497 3141 1565 3185 esse
1586 3119 1729 3185 virtutes:
1765 3119 1859 3204 igitur

689 3208 722 3269 et
741 3202 872 3290 politicis
891 3201 1066 3270 efficiuntur
1085 3202 1176 3269 beati.
1217 3206 1290 3271 lure
1308 3226 1382 3291 ergo
1400 3205 1520 3272 Tullius
1539 3205 1577 3271 de
1598 3225 1702 3271 rerum
1722 3204 1858 3291 publica·

689 3309 759 3357 rum
777 3289 949 3355 rectoribus
969 3290 1061 3355 dixit:
1086 3290 1142 3355 udi
1160 3290 1238 3355 beati
1256 3314 1328 3356 aeuo
1343 3293 1524 3390 ‘sempiterno
1542 3293 1706 3376 satiantur:
1732 3291 1802 3375 qui,
1823 3299 1859 3357 ut
1957 3341 1959 3372 ,

689 3375 867 3440 ostenderet
882 3375 959 3442 alios
977 3374 1083 3442 otiosis
1103 3375 1179 3441 alios
1199 3376 1367 3475 negotiosis
1384 3376 1550 3442 virtutibus
1571 3375 1638 3441 fieri
1659 3374 1776 3454 beams,
1795 3398 1858 3442 non

689 3457 768 3524 dixit
789 3460 929 3526 absolute
951 3460 1026 3525 nihil
1050 3482 1117 3526 esse
1139 3460 1183 3524 iili
1205 3461 1335 3546 prmeipi
1357 3461 1415 3526 deo
1437 3461 1605 3547 acceptius,
1637 3480 1731 3546 quam
1753 3462 1858 3529 cirita-

688 3549 752 3618 tes,
783 3543 837 3608 sed
858 3545 983 3610 adiecit:
1016 3545 1097 3632 quad
1114 3544 1232 3632 quidem
1251 3548 1286 3611 iu
1306 3548 1394 3611 turre
1412 3548 1481 3633 fiat,
1513 3554 1550 3612 ut
1570 3566 1624 3611 eos
1646 3545 1701 3631 qui
1722 3546 1762 3613 ab
1783 3546 1793 3611 i
1816 3547 1858 3613 sis

687 3626 870 3691 caelestibus
902 3628 1054 3712 incipiunt
1075 3628 1262 3694 discerneret
1290 3651 1308 3695 a
1335 3632 1506 3697 rectoribus
1535 3630 1708 3707 civitatum,
1743 3568 1857 3717 quidus

639 3708 745 3795 idper
761 3717 902 3805 terrenos
921 3721 1006 3776 actus
1025 3712 1085 3777 iter
1105 3721 1231 3797 paratur
1250 3714 1289 3778 ad
1310 3716 1438 3781 caetum.
1480 3717 1536 3782 rua
1554 3724 1658 3781 autem
1677 3714 1857 3783 definitione

733 3791 763 3857 id
793 3813 928 3877 pressius
957 3802 1167 3879 potestesse,
1208 3798 1284 3882 quid
1311 3800 1431 3866 cautius
1457 3801 1496 3867 de
1520 3802 1647 3868 nomine
1675 3800 1857 3867 civitatum?

760 3899 790 3943 m
811 3878 951 3955 counito,
971 3878 1085 3965 inquit,
1113 3892 1266 3969 coetusque
1286 3884 1440 3952 homiuum
1459 3888 1528 3954 iure
1545 3887 1665 3965 sedati,
1684 3908 1761 3973 puae
1783 3889 1855 3955 civi·

753 4012 822 4066 Mes.
844 4011 1110 4077 assemanum]

685 4116 744 4154 suns
765 4101 837 4169 padi.
862 4102 964 4154 aetites
989 4099 1021 4153 F.
1063 4117 1113 4154 rer.
1130 4102 1205 4172 puil-
1227 4102 1331 4158 actites
1352 4110 1420 4167 (nm.
1440 4111 1472 4167 a)
1494 4106 1545 4160 Ru.
1574 4134 1610 4146 -
1638 4107 1773 4176 seperius]
1797 4109 1854 4176 54.

684 4170 916 4223 existimauerunt
931 4167 1096 4222 anasum.
1248 4178 1273 4224 9.
1309 4174 1479 4241 aspersione
1495 4174 1547 4228 Hl.
1563 4202 1597 4213 ·-
1615 4177 1751 4242 depressi
1770 4176 1802 4229 Ρ.
1820 4204 1856 4217 ·-

683 4238 807 4293 electione
824 4238 892 4305 (om.
910 4240 952 4303 ia)
972 4239 1002 4290 [a.
1021 4266 1054 4276 -
1071 4254 1162 4291 nasce
1178 4243 1222 4305 vl,
1239 4241 1288 4292 nbi
1305 4241 1418 4306 saepius
1437 4258 1464 4293 se
1481 4242 1588 4309 iegitur
1605 4258 1655 4308 pro
1672 4259 1705 4295 sa.
1721 4271 1757 4285 -
1772 4245 1856 4297 nisisi!

684 4305 761 4358 aiiad
776 4308 811 4358 sit
832 4308 884 4358 Rs.
908 4331 941 4345 -
963 4324 1015 4358 non
1033 4308 1169 4374 reperire
1192 4308 1225 4359 G.
1243 4336 1277 4347 -
1297 4307 1407 4375 neseiat]
1433 4310 1559 4362 iuvenal.
1579 4310 1618 4377 X,
1643 4314 1703 4362 1160.
1721 4339 1757 4350 -
1774 4312 1856 4365 isarei

683 4373 784 4424 nescim
801 4374 851 4423 B2.
870 4399 903 4411 -
921 4374 1077 4453 capiptque
1093 4375 1176 4457 nisisi!
1192 4375 1244 4427 Rl.
1259 4403 1293 4413 -
1308 4392 1432 4444 superna
1449 4375 1468 4428 i·
1474 4393 1503 4443 g.
1656 4381 1698 4429 10.
1737 4380 1856 4443 ρυατιαο

684 4439 968 4571 if‘ttittstttf
980 4439 1397 4578 issbs‘i'sfffimiiiifieiiii
1412 4444 1612 4575 &finiuit
1627 4449 1699 4572 iti.
1715 4447 1854 4579 uti:

683 4575 757 4631 seem)
779 4571 829 4621 Rl.
851 4598 884 4611 ·—
907 4582 1059 4627 mutuatur·
1079 4575 1114 4627 G.
1271 4580 1312 4627 11.
1351 4578 1394 4629 sai
1417 4580 1593 4646 differentiam
1617 4578 1648 4630 F.
1669 4606 1703 4617 -
1722 4582 1852 4648 metuunt]

683 4634 762 4718 virg.
780 4638 847 4689 Aen.
865 4641 910 4705 v1,
927 4645 987 4693 733.
1004 4670 1039 4680 -
1054 4644 1212 4709 cupiuntque
1230 4644 1319 4697 dolent
1336 4647 1508 4715 gaudentque
1524 4646 1740 4715 SRlBrrn.v·gG
1758 4648 1854 4713 „liber

683 4705 918 4770 antiquissinrns“
937 4709 1024 4761 Gron.
1044 4708 1147 4761 uisu.
1187 4711 1297 4779 eupiunt
1314 4713 1452 4781 dolentque
1468 4714 1640 4783 gaudentque
1656 4712 1688 4765 F.
1727 4718 1854 4782 eupiunt-

683 4787 735 4839 que
751 4772 890 4840 dolentque
906 4778 1078 4843 gaudentque
1096 4776 1187 4827 ΒΡ46.
1226 4780 1335 4895 eupiunt
1348 4783 1519 4848 gaudentque
1537 4784 1676 4848 do'entpue
1696 4783 1820 4834 s-oPua.

789 4842 829 4890 12
864 4842 945 4893 isati
965 4842 1000 4894 G.
1024 4870 1051 4880 -
1077 4844 1230 4911 etpolitioie
1277 4845 1441 4901 rutulus.
1493 4857 1522 4901 et
1537 4851 1575 4901 de
1591 4849 1707 4916 politicis
1729 4850 1852 4903 Buram·

684 4921 722 4957 ee
736 4908 852 4973 politicis
869 4908 966 4961 i-bSP.
984 4936 1016 4947 —
1035 4926 1099 4977 ergo
1117 4919 1148 4962 et
1169 4912 1272 4968 rastros
1290 4914 1367 4966 R2G.
1384 4945 1419 4955 ·-
1439 4918 1595 4984 sempiterno
1612 4934 1678 4969 aeno
1695 4916 1726 4968 1¹¹.
1745 4944 1779 4958 -
1798 4936 1853 4971 esse

683 4973 799 5027 Mandas
814 4975 856 5035 (in
875 4993 933 5044 mg.
942 4977 1009 5042 fieri
1026 4977 1129 5035 destos)
1147 4975 1179 5027 F.
1197 5006 1232 5018 —
1250 4981 1320 5031 nihil
1335 4983 1377 5032 iiii
1392 4989 1461 5043 (om.
1479 4990 1548 5044 esee)
1565 4983 1596 5034 F.
1621 5013 1647 5022 -
1672 4986 1705 5036 in
1722 4988 1805 5038 ceiam
1820 4986 1851 5037 F.

785 5045 828 5095 13.
863 5044 1038 5111 diffinitione
1055 5042 1176 5095 FRHG.
1195 5073 1223 5084 -
1246 5048 1333 5115 inquit
1348 5064 1402 5100 om.
1422 5050 1474 5101 Rl.
1492 5079 1525 5089 -
1548 5052 1668 5105 ciuitates
1683 5059 1752 5114 (om.
1770 5061 1851 5122 puae)

682 5155 697 5224 i
715 5157 741 5208 4.
763 5164 788 5211 et
809 5175 909 5212 omnem
930 5160 1036 5211 animae
1056 5160 1241 5230 cogitatio·
1292 5161 1394 5214 eaelum
1410 5165 1524 5233 uidetur,
1539 5169 1609 5236 pund
1624 5176 1744 5235 respectu
1760 5176 1785 5222 et
1802 5187 1851 5221 co·

680 5239 751 5277 nem
767 5227 795 5279 in
812 5230 871 5282 sola
884 5229 977 5281 divina
993 5228 1119 5296 dirigere,
1138 5234 1166 5279 et
1180 5243 1241 5294 cap.
1320 5228 1525 5290 itationitus
1557 5237 1718 5305 possidebat.
1770 5236 1850 5291 Geni.

681 5308 754 5361 sep,
783 5294 797 5361 5
820 5298 847 5350 ³.
873 5314 920 5353 nec
947 5297 1092 5353 deseruisse
1117 5311 1242 5365 umquam
1313 5300 1371 5365 ,5,
1387 5299 1413 5351 4.

1642 1072 1697 1139 uid
1726 1073 1866 1160 singuiae
1960 1074 1962 1145 j

1969 5146 1972 5188 1
