5092 6425
1130 865 1267 936 CAPUT
1290 869 1345 936 IV.
1793 897 1850 942 nur

617 1033 753 1104 pleniore
771 1037 869 1087 esseut
889 1034 1020 1102 lectuque
1038 1034 1186 1090 lacilierar
1216 1054 1270 1091 non
1294 1054 1359 1091 rero
1379 1037 1469 1106 igitur
1485 1038 1600 1108 longius
1618 1055 1699 1107 quam
1718 1043 1767 1109 qui
1785 1049 1851 1097 ente

618 1137 683 1172 cusu
702 1118 850 1172 blaerobio
874 1120 1010 1173 dederant
1030 1137 1144 1189 operam
1166 1139 1184 1174 a
1206 1123 1333 1175 codicum
1358 1139 1441 1176 manu
1464 1124 1633 1192 scriptorum
1653 1126 1786 1179 discessit
1802 1146 1851 1181 re-

617 1203 728 1272 stigiir.
763 1203 842 1256 ldcm
865 1205 974 1258 elarius
997 1222 1080 1273 qnam
1102 1207 1165 1261 Nic.
1181 1208 1319 1276 Angelius
1342 1208 1390 1275 qui
1412 1209 1486 1263 libro
1512 1211 1596 1263 tertio
1616 1214 1645 1263 et
1662 1215 1762 1277 quarto
1780 1229 1849 1266 nen-

618 1289 701 1340 nulla
719 1288 819 1341 deesse
837 1290 982 1343 adnotavit
1006 1293 1148 1360 perspexit
1170 1309 1242 1360 queo
1262 1292 1489 1346 saturnaliorum
1510 1303 1605 1363 partes
1628 1296 1848 1364 intercidissent,

618 1372 647 1426 id
672 1375 745 1441 quud
767 1382 887 1442 apparet
907 1393 941 1428 ex
964 1376 1002 1428 iis
1019 1394 1091 1444 queo
1111 1378 1281 1446 subscripsit
1300 1378 1381 1430 libris
1401 1380 1422 1430 l.
1446 1380 1483 1432 ll.
1506 1381 1549 1433 tt
1574 1381 1632 1434 vu.
1653 1387 1682 1433 et
1705 1381 1772 1434 libri
1794 1384 1845 1435 lll.

618 1460 705 1527 capiti
725 1463 779 1525 12,
795 1467 824 1512 et
840 1462 989 1529 praemisit
1008 1463 1090 1514 libris
1108 1463 1155 1513 lv.
1174 1469 1203 1514 et
1221 1465 1265 1524 V„
1283 1481 1373 1530 neque
1392 1470 1485 1518 tamen
1503 1481 1536 1518 ea
1554 1482 1627 1533 quae
1642 1465 1847 1520 interciderunt

618 1545 754 1611 supplere
780 1553 899 1599 conatus
923 1554 977 1599 est.
1017 1547 1153 1615 Singulos
1179 1547 1267 1599 libros
1290 1549 1397 1616 primus
1423 1551 1523 1603 divisit
1549 1552 1577 1604 in
1605 1552 1714 1619 eapite,
1743 1552 1845 1620 bisque

618 1629 774 1682 summarie
797 1631 945 1698 praemisit
969 1647 1003 1684 ea
1026 1648 1098 1699 quae
1123 1633 1257 1701 leguntur
1281 1633 1310 1684 in
1334 1635 1538 1688 recentioribus
1562 1636 1734 1688 editionibus
1754 1639 1846 1690 omni·

617 1715 671 1767 bus
691 1718 728 1782 ο).
761 1717 843 1768 lianc
864 1717 1001 1769 librorum
1025 1716 1053 1768 in
1078 1716 1170 1783 capita
1197 1717 1364 1771 divisionem
1390 1727 1419 1772 et
1441 1721 1514 1774 baec
1539 1720 1693 1774 summaria
1718 1721 1846 1788 neglexit

618 1801 777 1855 Donatus
789 1801 838 1869 qui
848 1800 1020 1854 blacrobium
1035 1815 1107 1852 anno
1117 1802 1297 1855 bexvttt.
1310 1804 1420 1856 curarit
1433 1808 1624 1859 excudendum
1635 1806 1794 1860 venetiis
1808 1807 1844 1859 iu

619 1887 764 1941 aedibus
786 1886 865 1939 dldi
889 1888 943 1952 (a),
972 1902 1139 1954 quamquem
1161 1887 1272 1939 videtur
1295 1889 1437 1956 cognitam
1458 1891 1594 1944 babuisse
1614 1891 1733 1960 primam
1757 1893 1843 1945 Vesa-

618 1971 721 2024 liensis
752 1973 915 2025 editionem.
966 1971 1114 2040 Expressit
1144 1971 1218 2023 enirn
1246 1972 1336 2040 ipsius
1363 1975 1498 2028 Macrobii
1528 1978 1614 2029 verba
1641 1978 1677 2029 ad
1709 1976 1843 2030 editionis

618 2056 750 2110 luntiuae
774 2058 835 2110 lere
857 2059 1012 2125 exemplar,
1045 2057 1093 2108 sed
1115 2057 1224 2109 Graece
1248 2059 1284 2110 ad
1302 2061 1445 2127 exemplar
1461 2060 1594 2112 editionis
1608 2061 1785 2114 coloniensis
1805 2063 1841 2126 ⁷),

619 2142 768 2195 Somnium
788 2142 930 2212 Scipionis
955 2143 1051 2195 eodem
1078 2142 1158 2193 modo
1180 2141 1311 2195 exhibuit
1332 2159 1365 2194 ee
1385 2145 1492 2212 legitur
1509 2146 1536 2197 in
1555 2146 1700 2199 Ciceronis
1718 2147 1842 2199 editione

619 2227 735 2280 Aldine.
768 2227 845 2282 dano
867 2227 1032 2280 matut.
1059 2225 1234 2279 Basileae
1259 2230 1333 2297 apud
1360 2229 1573 2298 llersagiurn
1600 2231 1643 2297 (b)
1666 2231 1841 2284 blaerobium

622 2312 704 2381 typis
727 2313 938 2365 describendum
962 2311 1073 2365 curavit
1099 2311 1304 2365 loaebiurus
1330 2314 1567 2380 Camerarius,
1592 2315 1641 2381 qui
1660 2315 1758 2367 codice
1775 2332 1843 2368 usus

620 2406 667 2452 est
684 2398 900 2465 manuscripto,
921 2413 938 2448 e
954 2412 1008 2463 que
1026 2397 1136 2448 Graeca
1154 2400 1273 2465 protulit
1291 2401 1380 2453 multo
1396 2399 1553 2467 integriore
1568 2405 1597 2450 et
1615 2398 1677 2468 ipsa
1695 2399 1844 2468 scriptoris

620 2487 710 2536 verbe
732 2485 820 2536 multo
839 2481 1031 2534 emendatiora
1052 2482 1087 2548 ⁸).
1122 2483 1164 2534 lla
1186 2483 1240 2536 bac
1259 2485 1384 2537 editione
1403 2484 1567 2553 prodierunt
1586 2487 1731 2553 paululum
1751 2492 1844 2538 muta·

620 2575 668 2623 tae
694 2568 921 2638 Gryphianae
949 2569 979 2636 (g
1004 2566 1166 2635 Lugduni
1194 2585 1267 2622 anno
1293 2570 1403 2637 lton).
1452 2571 1506 2623 Sed
1532 2571 1622 2623 denuo
1647 2569 1790 2623 recensuit
1814 2580 1843 2622 et

618 2655 733 2723 penitus
754 2653 915 2707 emendarit
936 2670 953 2705 e
975 2653 1072 2704 codice
1090 2653 1218 2706 Parisino
1242 2657 1289 2720 (P)
1311 2657 1486 2709 blaerobium
1506 2656 1701 2709 budosicus
1720 2656 1841 2709 Cerrio

617 2739 741 2794 Parisiis
762 2757 789 2793 a.
801 2738 990 2792 blltblllllll'.
1008 2740 1046 2805 (s)
1064 2747 1230 2805 procurante
1247 2740 1402 2794 ilenrico
1416 2741 1591 2810 Stephano
1608 2743 1656 2808 qui
1673 2743 1701 2794 in
1720 2742 1843 2812 epistole

617 2826 653 2877 ad
672 2826 728 2878 lae.
743 2825 898 2879 llanesinm
916 2823 1023 2891 scripta
1041 2831 1070 2876 et
1088 2825 1123 2875 de
1140 2825 1225 2877 buius
1242 2826 1373 2879 editionis
1393 2827 1502 2880 ratione
1520 2827 1655 2880 disseruit
1674 2835 1703 2880 et
1720 2827 1844 2896 prodidit

618 2911 826 2980 praeletienem
864 2918 1058 2978 excerptorum
1087 2926 1103 2961 e
1134 2909 1232 2962 libello
1263 2913 1304 2964 de
1339 2912 1564 2964 differentiis
1599 2919 1632 2966 et
1667 2914 1841 2964 societste

618 2997 745 3051 Gracci
759 2996 956 3064 Latinique
973 2994 1081 3059 verbi,
1100 3011 1171 3062 quae
1187 2995 1300 3066 integra
1315 2998 1441 3050 editurus
1458 3003 1521 3050 erat
1532 2999 1569 3064 ⁹),
1585 2999 1634 3050 sed
1646 3015 1718 3050 auno
1730 3000 1841 3050 demum

690 3133 717 3197 ο)
737 3132 860 3198 Apparet
877 3144 988 3181 errasse
1007 3129 1143 3182 Zeuniunr
1162 3131 1234 3184 bace
1250 3131 1405 3185 summaria
1424 3134 1581 3184 studentem
1604 3133 1754 3193 emendare
1771 3136 1843 3183 tam·

619 3217 703 3267 quam
722 3199 758 3251 ab
777 3201 839 3266 ipso
857 3197 1002 3249 Maerobio
1021 3199 1159 3265 prolecta,
1189 3208 1220 3253 ut
1240 3218 1303 3270 pag.
1322 3206 1399 3266 too,
1426 3203 1473 3254 ubi
1497 3202 1525 3254 in
1543 3201 1786 3255 animadversione
1806 3198 1842 3250 etl

620 3269 728 3320 Comm.
744 3268 794 3319 lib.
812 3266 849 3318 ll.
868 3282 928 3333 eep.
943 3271 967 3317 9.
984 3269 1183 3319 summarium:
1202 3270 1417 3333 „Consuetudo,
1436 3271 1542 3337 inquit,
1560 3269 1698 3321 blaerobii
1717 3268 1845 3333 postulat

620 3335 744 3404 (inspice
762 3351 860 3387 omues
876 3334 994 3398 titulosl,
1015 3343 1045 3387 ut
1060 3344 1125 3388 aute
1144 3339 1272 3403 quomodo
1292 3338 1433 3388 inseratur
1452 3337 1591 3402 particula
1609 3336 1794 3402 copulandi‚“
1816 3339 1845 3384 et

622 3401 1179 3537 ttstssotltblbbtte&
1191 3406 1401 3539 ..tltttlt‘tt
1416 3405 1570 3522 tlibi*
1590 3420 1643 3455 ¹¹⁰⁰
1666 3403 1740 3453 '³⁸¹⁰
1757 3402 1845 3453 Μ

692 3540 719 3603 ⁷)
743 3539 895 3590 Donatus
917 3537 944 3588 in
967 3539 1089 3604 epistola
1107 3540 1141 3591 ad
1161 3538 1242 3607 Bapt.
1266 3538 1469 3591 Rhamnusium
1494 3554 1576 3605 quam
1599 3535 1747 3603 praemisit
1769 3535 1843 3589 nibil

621 3606 763 3660 eiusmodi
779 3606 988 3673 pronuntiavit,
1013 3609 1062 3658 sed
1083 3612 1206 3659 tantum:
1232 3607 1428 3669 „lllaerobius,
1458 3607 1561 3673 inquit,
1582 3606 1629 3671 qui
1647 3613 1742 3657 nostra
1759 3620 1844 3673 opera

621 3676 757 3742 deinceps
776 3674 951 3725 emendatior
970 3679 1014 3725 est
1038 3675 1204 3727 babendus“
1223 3683 1289 3727 eet:
1319 3681 1348 3727 at
1370 3676 1455 3727 iidem
1476 3677 1535 3726 lere
1553 3691 1652 3725 versus
1672 3674 1773 3725 Gracci
1795 3673 1843 3740 qui

622 3746 651 3797 in
674 3741 892 3806 Qoloniensibus
921 3742 1054 3808 leguntur
1079 3743 1106 3795 in
1133 3744 1257 3795 editione
1282 3744 1393 3795 Aldina.
1428 3744 1516 3795 Pauci
1543 3742 1571 3794 iu
1598 3743 1654 3794 bae
1677 3743 1845 3794 omittantur

620 3812 671 3880 qai
689 3812 824 3877 leguntur
841 3810 870 3861 in
888 3810 979 3861 altere
996 3820 1073 3862 certe
1092 3811 1268 3876 Coloniensi,
1295 3821 1326 3863 ut
1349 3814 1398 3864 lib.
1418 3812 1447 3863 V.
1470 3829 1529 3880 esp.
1543 3815 1601 3862 21.ι
1630 3818 1727 3862 contra
1746 3811 1796 3861 alii
1815 3810 1843 3861 in

621 3897 656 3933 ee
674 3881 825 3959 leguntur,
841 3878 916 3928 baud
935 3878 994 3929 seio
1009 3894 1044 3929 au
1064 3896 1079 3929 c
1097 3879 1178 3931 libris
1196 3898 1263 3931 mss.
1287 3880 1391 3939 additi,
1413 3897 1485 3946 quac
1502 3880 1696 3931 desiderantur
1712 3880 1741 3929 in
1761 3878 1844 3929 Colo-

622 3948 780 4009 rieusrbus,
797 3953 828 3998 ut
845 3946 895 3996 lib.
913 3945 955 4009 V,
974 3962 1035 4012 cap.
1052 3951 1095 3997 20.
1113 3947 1127 4013 ξ
1145 3953 1189 4010 8.;
1208 3950 1256 3999 lib.
1277 3950 1345 4010 tlt,
1364 3965 1425 4014 cap.
1443 3952 1468 3997 5.
1488 3949 1501 4011 t
1520 3952 1561 4009 9.;
1577 3963 1637 4012 cap.
1658 3951 1696 3997 16.
1717 3947 1731 4011 b
1749 3952 1792 3998 28.

693 4017 720 4077 θ)
739 4013 821 4065 cont.
842 4013 917 4065 inira
935 4013 1016 4080 (Cep.
1038 4015 1096 4073 tl.)
1119 4014 1295 4082 epigramma
1317 4014 1450 4067 editionis
1466 4016 1550 4067 titulo
1569 4014 1705 4065 insertum
1726 4022 1754 4066 et
1775 4030 1845 4078 quae

622 4085 651 4137 in
672 4082 798 4149 epistola
815 4082 849 4132 ad
869 4081 987 4132 Paulum
1007 4081 1110 4133 Boron.
1136 4083 1170 4133 ad
1189 4084 1446 4149 Schwartaenberg
1470 4081 1585 4147 scripsit
1604 4081 1843 4132 Camerarius:

623 4148 807 4217 „cumcuim
824 4163 892 4201 mea·
904 4150 999 4215 opella
1018 4167 1071 4201 uon
1089 4150 1159 4201 nibil
1174 4168 1265 4202 essem
1282 4151 1433 4216 aliquande
1452 4150 1478 4200 in
1492 4148 1673 4199 Macrolriano
1692 4148 1771 4211 qrrasi
1787 4150 1846 4197 rai-

623 4235 694 4271 neso
714 4216 813 4268 codiee
829 4216 1043 4280 architectatus,
1061 4223 1089 4268 et
1106 4220 1277 4269 accessisset
1296 4225 1392 4285 postea
1411 4218 1488 4267 velut
1507 4214 1619 4266 labrilis
1635 4215 1744 4278 aliquot
1759 4214 1847 4266 libro-

623 4304 687 4340 rum
707 4302 741 4338 ex
762 4284 885 4351 antiquis
899 4284 1065 4350 quibusdum
1085 4287 1170 4338 cartis
1190 4304 1302 4347 mantus,
1329 4301 1528 4351 speraremquc
1545 4300 1607 4332 cum
1627 4283 1661 4334 ad
1680 4283 1847 4334 delectatio-

626 4371 691 4406 nem
709 4359 768 4404 tum
783 4353 958 4404 commodum
977 4353 1119 4419 publicum
1139 4372 1208 4420 opus
1226 4355 1295 4405 illud
1314 4371 1330 4404 a
1347 4371 1391 4405 me
1408 4351 1504 4419 perlici
1528 4367 1622 4417 posse:
1638 4352 1757 4402 allatum
1774 4351 1847 4403 mibi

624 4423 696 4485 tuit,
713 4427 744 4472 at
760 4420 941 4488 insperatum,
961 4420 1001 4472 ite
1020 4422 1219 4486 pulcerrimum
1234 4429 1263 4473 et
1280 4422 1430 4473 maximum
1448 4420 1638 4471 adiumentum
1652 4418 1757 4471 veteris
1775 4422 1847 4472 elte-

624 4490 689 4543 rius
709 4485 829 4550 codicis,
859 4488 888 4539 in
906 4504 960 4554 quo
980 4488 1056 4557 plcui
1073 4506 1170 4540 omnes
1188 4490 1283 4541 bietus
1302 4494 1410 4553 essent,
1440 4488 1488 4540 ubi
1512 4488 1540 4538 iu
1564 4488 1688 4555 vulgatis
1711 4489 1848 4554 exemplis

626 4559 740 4611 Graece
764 4556 968 4608 desiderantur.
1003 4558 1082 4623 Quae
1099 4565 1190 4609 tamen
1210 4558 1387 4609 concinnatio
1405 4556 1542 4607 eiusmodi
1563 4564 1636 4619 eret,
1653 4561 1685 4607 ut
1702 4556 1847 4621 ingenium

626 4644 682 4678 nou
712 4641 829 4692 prorsus
852 4624 956 4691 babes,
985 4624 1152 4676 industriam
1176 4642 1243 4675 vero
1267 4632 1296 4677 et
1318 4626 1442 4677 laborem
1466 4622 1638 4689 singularem
1662 4624 1778 4676 evidens
1800 4626 1849 4676 de-

625 4692 747 4761 scriptio
771 4693 935 4759 postularet.
970 4693 1092 4744 Exorata
1118 4692 1193 4744 enim
1219 4694 1315 4744 omnin
1341 4700 1419 4744 erant
1441 4690 1624 4759 semigraceis
1649 4692 1756 4757 literis,
1787 4693 1849 4746 sinc

626 4760 900 4882 ttsslllzttitzt
921 4760 1849 4883 ‘'listl?‘ltttt'trft‘rllltt”l.¹;lcll„tlttss'tttt'tt

626 4898 722 4950 scribe
737 4846 950 4960 gondoentino,
965 4896 1040 4958 viro,
1058 4903 1089 4946 ut
1105 4847 1236 4963 oppsl'ret,
1255 4914 1308 4949 noa
1324 4899 1416 4949 solum
1436 4895 1613 4960 doctissimo,
1628 4897 1676 4946 sod
1696 4895 1781 4947 ctiam
1802 4915 1851 4948 cu·

646 4965 777 5018 idissiruo
796 4963 973 5030 publicorum
993 4966 1211 5015 commodorum.
1298 4966 1327 5017 ls
1345 4966 1405 5016 sive
1424 4963 1552 5015 audierat
1570 4964 1604 5013 de
1621 4963 1727 5014 nostris
1743 4966 1852 5016 eonati-

626 4985 680 5085 Kur
696 5032 822 5100 aliquid,
841 5033 902 5083 sive
918 5038 1033 5099 putaret
1051 5032 1212 5083 excitandos
1230 5032 1312 5097 illos,
1330 5034 1409 5086 misit
1427 5047 1490 5082 eum
1508 5048 1590 5096 quem
1607 5031 1729 5082 diximus
1748 5032 1852 5085 librum

627 5102 725 5171 nobis,
754 5100 816 5163 cni,
847 5101 871 5153 si
891 5100 957 5167 quid
977 5118 1011 5151 cx
1030 5099 1084 5149 bac
1103 5100 1237 5150 Macrobii
1254 5100 1377 5152 editione
1395 5098 1530 5151 utilitatis
1548 5099 1757 5164 voluptatisque
1772 5118 1854 5167 cepe-

628 5170 685 5223 rint
702 5167 837 5233 studiosi,
854 5171 955 5220 boneru
976 5168 1057 5219 illius
1078 5177 1185 5234 partem
1203 5175 1348 5234 acceptam
1369 5168 1474 5219 reterre
1493 5167 1659 5217 debebunt.“

697 5242 724 5303 ⁹)
743 5237 825 5290 cont.
847 5237 947 5290 lleur.
970 5234 1144 5304 Stepbsni
1164 5236 1312 5302 epistolem
1329 5237 1364 5287 ed
1384 5237 1440 5287 loc.
1460 5234 1611 5284 Dancsium
1629 5232 1777 5297 seriptum,
1806 5233 1854 5283 ubi

628 5307 765 5376 legantur
779 5307 900 5359 lrseeeer
922 5302 1024 5371 „Sicut
1040 5304 1184 5359 Aurelium
1200 5304 1376 5362 Maerentem
1392 5302 1458 5358 buli
1469 5301 1563 5356 Gellii
1579 5301 1662 5353 uelut
1676 5298 1824 5352 asseclam
1832 5300 1873 5351 'xx
