5092 6425
761 940 818 1007 DE
840 939 947 1007 DIFF.
970 940 1024 1006 ΕΤ
1046 937 1134 1006 SOC.
1157 937 1466 1020 annumero.
1488 941 1622 1008 VERBI.
1668 947 1717 1012 v1.
1760 947 1822 1012 241

656 1109 756 1175 cunda
783 1108 923 1194 originis,
960 1115 997 1173 ut
1023 1113 1139 1173 -λα-.·
1181 1109 1272 1173 tertia
1305 1108 1420 1186 linclis,
1458 1117 1495 1175 ut
1527 1106 1608 1175 -καζ
1666 1113 1822 1199 Quicquid

657 1195 751 1279 igitur
772 1195 839 1281 plus
863 1193 955 1258 luerit
976 1193 1012 1256 ad
1034 1193 1166 1257 mediam
1189 1194 1351 1278 syllabam,
1374 1215 1454 1279 quae
1474 1195 1598 1280 quidem
1621 1198 1747 1282 originis
1768 1208 1824 1273 est,

656 1280 802 1346 refertur:
826 1276 988 1343 declinatio
1011 1299 1084 1342 vero
1106 1286 1138 1342 et
1159 1278 1228 1342 finis
1253 1278 1387 1362 singulas
1410 1280 1581 1362 possident,
1604 1289 1640 1346 ut
1661 1291 1708 1348 est
1729 1284 1823 1368 πεφλ-

656 1369 755 1448 ληκα,
788 1383 855 1427 πε·
881 1362 1107 1438 declinationis,
1148 1366 1291 1447 -φτλη-
1319 1363 1461 1447 originis,
1495 1389 1568 1429 -αα
1597 1367 1675 1432 finis.
1739 1369 1823 1452 Ergo
1852 1375 1874 1442 8

656 1449 904 1534 παρακείμενος,
938 1446 968 1511 id
990 1454 1038 1511 est
1080 1448 1241 1524 erfectum,
1277 1447 1380 1512 minus
1399 1448 1556 1534 trisyllabo
1584 1473 1646 1516 uon
1668 1454 1824 1519 invenitur

657 1543 785 1619 excepto
816 1527 906 1610 οἶδα,
944 1533 1027 1618 quod
1055 1469 1251 1618 bissyllabum
1275 1541 1322 1598 est
1343 1541 1374 1598 et
1395 1535 1638 1618 παρακείμενος.
1681 1538 1746 1605 Nec
1767 1537 1824 1602 mi-

656 1640 740 1696 rum,
769 1639 839 1683 cum
863 1618 921 1682 hoe
942 1617 1070 1683 verbum
1092 1618 1124 1681 in
1146 1618 1251 1683 multis
1272 1619 1397 1703 regulae
1419 1619 1549 1685 resistat.
1591 1622 1717 1688 Nullum
1738 1644 1823 1688 nam·
1853 1631 1874 1694 9

656 1725 716 1790 que
738 1703 907 1789 perlectum
928 1701 986 1766 hoe
1007 1709 1135 1787 excepto
1155 1703 1193 1767 ab
1216 1705 1269 1766 01
1284 1702 1476 1789 diphthongo
1494 1705 1638 1772 inchoare
1659 1708 1824 1793 repperies.

655 1791 732 1854 ltem
756 1810 826 1853 eum
855 1787 951 1873 prima
973 1788 1056 1852 verbi
1079 1787 1190 1873 positio
1212 1790 1268 1851 EI
1288 1787 1479 1874 diphthongo
1504 1790 1642 1871 inchoat,
1681 1793 1712 1857 iu
1738 1793 1824 1857 nullo
1897 1833 1898 1837 =

655 1883 796 1958 tempore
819 1880 966 1937 mutatur.
1009 1873 1109 1937 Huius
1135 1873 1218 1938 verbi
1242 1873 1345 1958 origo,
1380 1873 1410 1938 id
1432 1883 1479 1939 est
1498 1876 1590 1955 εἴδω,
1622 1877 1753 1943 mutavit
1773 1879 1829 1940 EI

656 1960 689 2023 in
720 1960 777 2021 ΘΙ.
828 1957 981 2035 Quotiens
1008 1958 1175 2043 perlectum
1210 1979 1226 2022 a
1256 1959 1346 2044 longa
1376 1959 1490 2038 oritur,
1529 1982 1653 2026 necesse
1681 1969 1728 2027 est
1756 1962 1824 2046 plus

657 2064 747 2128 quam
773 2043 939 2128 perlectum
965 2042 1003 2106 ab
1030 2043 1136 2108 eadem
1163 2064 1286 2127 semper
1311 2045 1460 2127 incipere:
1501 2046 1584 2130 quod
1611 2046 1670 2111 hoe
1695 2045 1824 2112 verbum

656 2129 805 2213 neglegit:
844 2149 914 2192 nam
961 2127 1008 2191 lus
1031 2150 1122 2213 quam
1146 2127 1315 2213 perlectum
1341 2123 1433 2212 ᾔδειν
1460 2136 1522 2206 est,
1557 2151 1626 2195 cum
1655 2130 1824 2216 perlectum

657 2207 733 2276 οῖδα
755 2213 803 2277 sit
846 2149 966 2277 Deinde
987 2234 1079 2277 omne
1101 2212 1293 2298 participium
1323 2213 1356 2277 in
1378 2215 1450 2276 6er
1471 2213 1613 2280 desinens
1636 2216 1732 2281 solam
1753 2216 1825 2280 ulti-

657 2319 738 2362 mam
762 2298 905 2384 syllabam
929 2296 960 2361 in
984 2293 1075 2382 άλφα
1101 2298 1249 2362 mutando
1272 2298 1353 2363 idem
1375 2306 1497 2383 tempus
1518 2299 1627 2377 efficit,
1663 2322 1825 2385 γεγραφη-

656 2381 722 2458 nole
749 2379 955 2468 γεγράφηκα,
993 2379 1134 2457 λελυκὼς
1159 2379 1296 2448 λέλακας
1337 2378 1431 2457 εἰδώς
1452 2390 1555 2450 autem
1578 2406 1641 2450 nou
1662 2385 1734 2450 lacit
1755 2381 1827 2449 εἶδα

657 2469 712 2533 sed
734 2464 817 2531 οἶδα.
861 2469 951 2533 Solus
974 2467 1068 2551 igitur
1089 2468 1146 2532 iste
1167 2467 1400 2553 παρακείμενος
1420 2466 1501 2533 vitiis
1523 2469 1667 2534 obsessus
1687 2492 1750 2534 non
1771 2490 1825 2534 no-

657 2553 748 2618 cebit.
801 2552 904 2618 Omne
926 2554 1053 2618 verbum
1077 2553 1245 2631 Graecum,
1286 2554 1310 2617 si
1336 2553 1368 2617 in
1390 2558 1544 2638 praesenti
1567 2575 1584 2619 a
1607 2555 1737 2639 simplici
1760 2558 1877 2634 (ex-10

657 2648 747 2724 cepto
772 2641 816 2716 P)
840 2637 947 2723 incipit
970 2646 1174 2714 consonante,
1213 2639 1343 2724 primam
1364 2637 1395 2702 in
1417 2645 1557 2725 tempore
1578 2639 1714 2724 perlecto
1738 2640 1826 2725 sylla·

657 2723 727 2788 bam
749 2723 898 2808 geminat,
920 2719 1040 2808 γράφω
1062 2720 1226 2809 γέγραφα,
1250 2721 1333 2806 λέγω
1355 2720 1475 2806 λέλεγα.
1519 2724 1584 2790 Nee
1605 2725 1674 2789 talis
1691 2725 1827 2808 gemina·

657 2809 702 2872 tio
729 2809 964 2895 praepositionis
990 2808 1111 2874 adiectu
1143 2809 1323 2894 impeditur,
1365 2808 1549 2893 προκομλζω
1576 2804 1878 2895 προκεκὸμικα,[296]

659 2889 838 2976 συγγράφω
862 2891 1083 2978 συγγέγραφα.
1128 2894 1231 2960 Omne
1253 2894 1420 2980 perlectum
1444 2903 1566 2978 tempus
1588 2894 1619 2958 in
1639 2895 1875 2980 perispome·ll

659 2977 708 3040 nis
735 2977 781 3041 vel
809 2976 908 3041 solum
938 2979 1071 3061 primum
1101 2978 1134 3041 iu
1161 2979 1318 3082 barptonis
1348 2979 1461 3043 desinit
1486 2986 1540 3043 aut
1566 2979 1597 3042 in
1621 2981 1686 3041 ΚΑ
1714 2987 1768 3044 aut
1796 2978 1828 3043 iu

663 3063 727 3124 ΦΑ
754 3069 808 3124 aut
836 3061 867 3123 in
895 3064 974 3139 XA,
1012 3057 1168 3143 τετήρηκα
1193 3084 1344 3146 γεγραφα
1370 3059 1531 3144 erininga,
1569 3062 1646 3126 adeo
1673 3071 1709 3128 ut
1736 3084 1828 3127 omne

661 3166 758 3231 paene
792 3144 919 3210 verbum
952 3145 1096 3209 similium
1126 3145 1557 3249 declinationcm'sequatur:
1597 3148 1685 3251 nnec}
1712 3151 1829 3251 τηρεῖρ,

638 3291 640 3294 ,
659 3232 755 3315 χωρῶ
776 3234 905 3313 χωρεῖς,
927 3225 1084 3314 τετήρηκα
1104 3251 1286 3313 αεχωρηκα·
1314 3252 1434 3312 γραφω
1454 3252 1608 3314 γραφεις,
1628 3252 1739 3315 τρεφω
1759 3252 1828 3315 τρε-

662 3338 750 3401 φετς,
779 3313 929 3400 γέγραφα
949 3312 1107 3398 τέτραφα·
1148 3311 1274 3397 πλήττω
1295 3311 1456 3398 niliacas,
1482 3310 1586 3378 τάττω
1607 3311 1746 3395 τάττως,
1774 3314 1828 3379 πέ·

661 3406 768 3484 πληχα
789 3398 914 3483 τέταχα.
959 3401 1023 3465 Nee
1041 3408 1072 3465 te
1095 3408 1231 3476 moveat,
1260 3399 1358 3486 quod,
1385 3400 1409 3464 si
1432 3400 1584 3465 Graecum
1605 3400 1734 3466 verbum
1757 3400 1880 3466 inei-12

662 3487 726 3573 piat
747 3486 785 3550 ab
807 3506 870 3549 una
895 3485 933 3550 de
955 3484 1003 3549 bis
1026 3484 1122 3550 literis
1145 3506 1221 3570 quas
1244 3482 1345 3549 δασέα
1366 3480 1528 3569 σύμφωνα
1549 3491 1674 3563 vocant,
1698 3507 1769 3550 oum
1791 3485 1830 3550 ad

1579 3606 1663 3668 [Edd.
1680 3606 1764 3673 pdzh.

660 3699 685 3745 9.
721 3691 811 3743 eidem
828 3692 930 3744 Ebur.
951 3718 984 3730 -
1007 3692 1034 3743 in
1053 3708 1072 3742 τι
1088 3691 1157 3742 Edd.
1312 3695 1354 3741 10.
1389 3698 1527 3757 enceplop
1548 3690 1651 3741 Eddl‘.
1670 3718 1703 3728 -
1727 3691 1831 3742 ΠΡΟ-

663 3761 769 3812 Mrzst
786 3760 819 3811 P.
974 3764 1016 3811 ll.
1056 3758 1285 3812 ΤΕΘΗΡΗΚΑ
1302 3759 1333 3811 Ρ.
1350 3785 1383 3797 -
1404 3758 1581 3811 ΤΕΤΗΚΑ.
1602 3758 1833 3810 ΚΕΚΩΡΗΚΑ

1657 3861 1722 3923 [Ed.
1741 3878 1763 3913 ε.

662 3947 777 3998 secanda
793 3947 920 4015 originis,
943 3946 1024 3999 lertio
1033 3946 1143 4013 finalis,
1166 3952 1196 3998 ut
1213 3943 1331 3998 λέλυται
1349 3945 1401 3996 ΛΕ
1415 3946 1504 4012 primu
1526 3946 1628 4011 syllaba
1647 3944 1832 3997 declinationis

663 4022 717 4075 eet,
740 4031 820 4079 pune
839 4015 975 4065 inducit
991 4031 1144 4082 magnum
1162 4020 1387 4081 angmentum
1404 4012 1453 4063 ΑΥ
1466 4013 1580 4080 originis
1599 4018 1651 4075 erl,
1669 4012 1746 4077 quin
1762 4012 1831 4078 pri-¹

663 4079 1241 4147 munerbipoaitioabbncincipit3
1262 4079 1479 4145 KAfinuliccst.
1513 4083 1539 4129 8.
1577 4078 1833 4129 Nectemoueat

664 4142 728 4198 οῖδα
746 4148 815 4213 qnod
833 4147 1001 4213 disyllabum
1020 4155 1072 4207 est,
1093 4162 1166 4197 nem
1183 4144 1392 4211 παρακείμενογ
1408 4144 1558 4204 hebetum·
1578 4144 1635 4194 lroe
1651 4144 1734 4194 enim
1752 4145 1832 4195 mcl-
1854 4141 1856 4147 '

664 4214 1085 4279 tiplicntionecorruplum
1103 4213 1255 4274 doeetnr3
1289 4216 1315 4261 9.
1351 4228 1413 4261 nam
1429 4210 1750 4277 praeterbocnallum
1768 4227 1832 4276 per-

663 4286 761 4343 fectam
780 4289 902 4348 tempas
926 4282 959 4332 ab
978 4279 1024 4331 ΟΙ
1040 4279 1203 4347 diphthongo
1227 4279 1356 4345 incipit,·
1391 4278 1470 4328 liuius
1491 4279 1564 4329 verbi
1584 4278 1661 4346 origo
1684 4284 1734 4328 est
1757 4275 1832 4343 εἴδω,

664 4357 695 4401 et
716 4348 822 4398 malari
848 4348 893 4397 ΕΙ
913 4349 941 4399 in
965 4346 1011 4399 OI
1027 4348 1125 4397 salva
1149 4353 1178 4397 ct
1201 4346 1396 4411 incorrupta
1419 4346 1553 4397 ratione
1569 4363 1631 4397 non
1653 4344 1774 4396 habuit
1795 4348 1832 4407 e),

664 4412 838 4467 indesidem
856 4414 964 4465 debuit
982 4415 1429 4480 essepraeteritopersceto.
1453 4427 1465 4463 ε
1488 4411 1524 4474 (V
1544 4412 1569 4478 ¹)
1585 4427 1637 4475 cor,
1656 4410 1768 4477 punctis
1786 4428 1834 4462 sn-

665 4480 824 4550 perpositis.
860 4485 889 4541 ¹)
914 4479 1311 4540 ΠΕΠΟΛΗΜΑΡΑΝΚΑ).
1345 4478 1496 4531 Aduoturit
1518 4477 1616 4532 Eunt:
1646 4485 1672 4540 a)
1691 4479 1835 4544 „Excerp-'

664 4549 734 4602 toris
752 4549 837 4598 verbu
855 4548 927 4613 apud
948 4564 998 4597 noa
1017 4564 1080 4598 esse
1097 4547 1253 4597 videntur.“
1298 4546 1326 4606 ¹²)
1345 4549 1428 4611 ‚jore
1445 4546 1595 4616 legendum
1613 4562 1674 4599 esse
1691 4552 1772 4598 acute
1791 4547 1834 4599 vi-

664 4618 706 4669 dit
723 4614 889 4682 Kopitariua
908 4616 938 4678 V,
958 4614 1032 4666 cm
1076 4620 1101 4675 ⁶)
1119 4613 1211 4677 „Note
1228 4612 1452 4666 Graecismum.“

699 4725 724 4770 8.
759 4722 903 4785 perfeetum
920 4717 1225 4783 minnstriayllabonon
1274 4719 1342 4777 764,
1378 4716 1477 4767 Tneln.
1506 4716 1541 4768 erl
1565 4716 1704 4783 Lycophr.
1734 4735 1760 4783 p.
1783 4721 1834 4767 251

665 4788 799 4839 inuenitur
817 4795 921 4853 excepto
944 4780 1017 4852 οῖδα]
1047 4786 1109 4835 Hoc
1126 4800 1223 4836 versun
1275 4784 1366 4846 mart,
1385 4785 1420 4835 ub
1438 4783 1641 4846 Schnei.citt.;
1661 4783 1837 4851 Xenophout.

665 4872 719 4907 non
738 4872 800 4905 esee
820 4855 920 4904 docent
941 4855 1066 4919 perlecta
1083 4842 1137 4919 ἦχα
1155 4846 1225 4902 εἴκω.
1275 4850 1363 4901 Anab.
1382 4852 1447 4914 Vll,
1464 4856 1494 4910 8,
1513 4857 1536 4902 l.
1555 4852 1647 4918 etqui
1666 4849 1837 4903 Aristaeneti

700 4927 725 4974 9.
759 4916 937 4990 γεγραφηκώς
962 4914 1129 4987 γεγράφηκα]
1166 4918 1225 4971 llid.
1277 4919 1307 4970 ll.
1328 4919 1398 4971 duos
1426 4918 1525 4972 citavit
1546 4920 1623 4973 Buat.
1642 4920 1693 4986 Ep.
1720 4918 1783 4969 erit.
1809 4934 1837 4984 p.

666 4990 702 5040 ll.
722 4990 819 5055 Steph.
840 4990 927 5040 Thes.
950 4988 998 5038 Gr.
1021 4986 1051 5036 h.
1072 4987 1115 5036 ed.
1134 4985 1225 5037 Paris.
1277 4988 1360 5037 242st

669 5056 722 5107 rol.
735 5057 771 5118 ll,
783 5055 947 5121 p.782.‚uhi
961 5055 1094 5122 leguntur
1110 5053 1226 5104 haecce:
1316 5056 1354 5103 lo.
1394 5061 1499 5121 excepto
1536 5057 1569 5121 P]
1603 5053 1706 5105 lisdem
1742 5047 1837 5100 verbis

670 5122 759 5188 „Cum
784 5120 910 5189 γέγραφα
935 5128 1110 5188 permutatur
1132 5115 1228 5188 γεγρά-
1279 5120 1396 5171 lldhner
1413 5120 1558 5173 Aneirilrrl.
1577 5122 1626 5172 Gr.
1648 5121 1699 5170 der
1717 5133 1758 5183 gr.
1775 5116 1838 5181 Spr.

669 5205 744 5255 φηαα
760 5205 804 5255 ap.
824 5190 937 5242 [ancien.
956 5189 990 5241 de
1008 5189 1075 5240 hiat.
1097 5188 1181 5238 scrib.
1203 5204 1226 5237 e.
1279 5188 1354 5252 596,
1370 5190 1396 5237 4.
1414 5190 1491 5252 „eine
1506 5189 1657 5240 Aasnalrme
1671 5185 1778 5236 marchen
1796 5182 1840 5233 die

668 5261 712 5307 31.
736 5261 764 5306 et
784 5254 866 5307 alibi.
901 5258 962 5308 Vid.
981 5258 1064 5308 Dorv.
1088 5256 1122 5307 ud
1143 5254 1228 5307 Char.
1279 5254 1328 5306 mit
1349 5256 1395 5320 ρ.“
1435 5257 1459 5306 Ρ
1481 5255 1566 5307 facile
1584 5252 1687 5305 rnrrtari
1713 5249 1839 5317 potuisse

669 5329 696 5388 6,
712 5325 737 5386 5,
756 5340 782 5389 p.
801 5325 862 5389 624,
883 5322 1006 5377 bouem.
1023 5324 1057 5377 ad
1076 5324 1183 5391 Phryn.
1202 5340 1229 5388 p.
1279 5321 1307 5373 iu
1329 5323 1358 5387 Γ,
1378 5322 1450 5389 quod
1468 5324 1556 5391 vulgo
1575 5321 1700 5388 legitur,
1716 5321 1856 5383 nuum·

1663 5404 1715 5466 hb
