5092 6425
705 896 770 969 138
1183 894 1393 966 uscuouu

702 1072 793 1137 trito:
836 1066 891 1134 dici
910 1066 1004 1133 πέντε
1026 1074 1147 1133 constat
1169 1088 1208 1133 er
1229 1068 1330 1134 tribus
1350 1068 1434 1133 tonis
1455 1074 1487 1131 et
1508 1066 1694 1145 hemitonio,
1730 1076 1763 1132 et
1782 1069 1817 1134 lit
1837 1070 1877 1134 de

702 1157 865 1224 hemiolio:
890 1151 946 1220 dcci
965 1156 1081 1218 πασῶν
1100 1160 1221 1219 constat
1240 1153 1279 1218 de
1301 1174 1354 1219 sex
1375 1154 1472 1230 tonis,
1493 1160 1525 1217 et
1546 1153 1581 1216 lit
1599 1153 1638 1218 de
1662 1153 1798 1239 duplari:
1825 1176 1877 1220 ve·

702 1264 772 1309 rum
796 1237 851 1307 dni
874 1242 988 1305 πασῶν
1009 1237 1067 1305 ocal
1088 1234 1143 1304 ded
1165 1236 1261 1303 πέντε
1281 1247 1402 1305 constat
1419 1260 1458 1303 ex
1479 1258 1591 1303 norem
1618 1240 1702 1304 tonis
1724 1248 1758 1304 et
1777 1238 1877 1305 hemi-

702 1329 802 1402 tonio,
833 1336 864 1392 et
886 1327 921 1392 lit
942 1327 981 1392 de
1000 1325 1118 1412 triplari
1141 1343 1286 1390 numero:
1326 1323 1378 1402 cte
1397 1333 1500 1390 autem
1523 1320 1579 1388 dod
1599 1327 1716 1389 πασῶν
1737 1327 1878 1391 continet

700 1421 793 1479 tonm
814 1411 994 1488 duodecim,
1013 1421 1045 1476 et
1067 1413 1103 1477 lit
1123 1432 1162 1475 cx
1183 1411 1367 1497 quadruplo.

786 1499 825 1562 ΙΙ.
869 1498 951 1564 llinc
971 1498 1076 1576 Plato,
1103 1504 1267 1596 postquam
1288 1504 1320 1560 et
1340 1495 1560 1583 Pythagoricae
1583 1497 1777 1561 successione
1803 1497 1875 1562 doc·

701 1584 801 1649 trinae
821 1590 853 1649 et
874 1583 905 1647 iu
927 1583 988 1648 enii
1011 1582 1127 1667 proprii
1149 1582 1252 1647 diviua
1271 1581 1479 1668 profunditate
1499 1581 1642 1667 cognovit
1663 1583 1780 1646 nullam
1804 1604 1874 1647 esse

701 1690 791 1756 posse
813 1670 879 1734 sinc
906 1604 954 1734 lis
976 1669 1113 1734 numeris
1140 1668 1306 1753 iugabilem
1328 1669 1570 1754 conpetentiam,
1610 1667 1641 1730 in
1663 1668 1791 1733 Timaeo
1813 1690 1872 1732 suo

651 1754 831 1842 [rammandi
852 1755 986 1819 animam
1011 1774 1067 1904 per
1089 1754 1220 1820 istorum
1243 1774 1444 1819 numerorum
1467 1751 1694 1818 contextionem
1721 1753 1871 1818 ineffabili

721 1839 892 1904 rovidentia
914 1839 964 1904 dei
985 1839 1013 1905 la
1036 1840 1175 1905 ricatoris
1197 1840 1340 1905 instituit
1383 1841 1480 1906 Cuius
1502 1858 1610 1903 sensus
1636 1838 1661 1901 si
1685 1838 1757 1903 huic
1783 1840 1871 1923 operi

700 1861 793 1989 luerit
812 1924 980 2011 adpositus,
998 1925 1166 2012 plurimum
1187 1947 1243 1990 nos
1263 1926 1301 1990 ad
1320 1926 1484 1990 verborum
1504 1923 1672 2000 Ciceronis,
1737 1945 1773 1989 ae
1791 1926 1872 1989 circa

669 2010 892 2095 2disciplinam
914 2011 1049 2076 musicae
1071 2011 1214 2077 videntur
1236 2011 1380 2088 obscura,
1417 2010 1607 2075 intellectum
1631 2009 1701 2074 iuva
1723 2010 1756 2073 it
1800 2010 1872 2087 Sed,

700 2117 739 2160 ne
755 2096 893 2245 pppdlin
917 2097 1120 2247 paprocinium
1141 2096 1273 2246 alteriup)
1277 2095 1488 2194 expositionis
1507 2093 1672 2245 pdhiliettur
1692 2096 1800 2193 ipsum¹
1816 2116 1871 2247 pop

669 2190 1262 2366 atrud?strittatutilt
1276 2190 1870 2363 'illidii'‹lllldlltd'dt

699 2373 757 2437 pus
777 2360 859 2418 trina
880 2352 1072 2419 dimensione
1094 2353 1293 2418 distenditur:
1332 2352 1425 2417 lrabet
1448 2351 1530 2416 cuim
1556 2350 1779 2434 longitudinem
1802 2352 1869 2417 lati·

698 2436 838 2502 tudinem
867 2439 1125 2523 proluuditatem,
1166 2459 1222 2502 nec
1244 2445 1346 2522 potest
1367 2437 1498 2502 inveniri
1523 2437 1555 2501 in
1577 2436 1717 2521 quolibet
1738 2457 1868 2522 corpore

668 2522 996 2671 4guartotdimeppio:
1018 2523 1260 2672 “ffdlfflsslibffl
1282 2543 1374 2588 omne
1396 2543 1508 2608 corpus
1530 2521 1661 2671 stolidum
1682 2523 1869 2673 continp'turt.

728 2626 883 2671 eomerae
941 2629 1011 2673 men
1041 2628 1100 2672 ara
1128 2629 1152 2672 si
1177 2629 1185 2670 ι
1212 2628 1265 2672 cor
1287 2630 1341 2672 ora
1392 2630 1427 2672 ro
1449 2629 1562 2684 onun,
1648 2628 1683 2671 ae
1711 2629 1727 2672 a
1772 2630 1852 2672 ean

696 2689 924 2769 mathematica,
947 2692 1124 2777 cogitationi
1146 2628 1483 2771 natumpsubiilenla,
1509 2715 1571 2757 noo
1593 2628 1706 2757 sglslsui.
1730 2631 1868 2759 pllicuot

696 2776 779 2840 enim
805 2785 954 2862 punctum
982 2798 1094 2863 corpus
1121 2799 1189 2842 esse
1218 2778 1410 2844 individuum
1434 2780 1466 2843 in
1492 2799 1554 2864 quo
1577 2799 1678 2864 oeque
1705 2779 1867 2863 longitudo

696 2881 798 2946 oeque
819 2861 948 2928 latitudo
970 2884 1027 2928 nec
1047 2863 1178 2928 altitudo
1196 2863 1452 2950 deprehendatur,
1471 2864 1586 2950 quippe
1608 2863 1690 2948 quod
1712 2865 1744 2929 in
1765 2865 1867 2930 nullas

664 2944 798 3032 5partes
814 2946 908 3014 dividi
931 2949 1037 3048 possit.
1079 2949 1147 3014 Hoc
1166 2957 1355 3035 protractum
1375 2948 1470 3015 elficit
1490 2949 1612 3026 lineam,
1634 2948 1664 3013 id
1686 2957 1734 3014 est
1753 2968 1867 3035 corpus

694 3031 789 3097 unius
812 3032 1028 3100 dimensionis:
1055 3035 1181 3121 longum
1205 3044 1251 3101 est
1273 3036 1356 3101 enim
1377 3035 1442 3101 sine
1465 3035 1527 3100 lato
1550 3034 1616 3099 siue
1638 3033 1710 3109 alto,
1734 3044 1766 3099 et
1789 3036 1865 3101 duo

693 3117 752 3184 bus
773 3119 896 3206 punctis
916 3141 955 3186 ex
982 3129 1114 3208 utraque
1135 3129 1223 3209 parte
1250 3122 1347 3187 solam
1377 3120 1601 3206 longitudinem
1627 3120 1867 3187 terminantibus

761 3326 830 3381 ns..
848 3328 1075 3395 perseniae]

691 3411 801 3465 mitonio
817 3412 959 3467 secum.
1000 3418 1136 3468 semitono
1155 3432 1217 3485 v-g.
1237 3441 1271 3454 -
1302 3416 1372 3482 etflt
1387 3431 1419 3467 ec
1438 3415 1543 3481 epitrito
1562 3413 1699 3481 diapenter
1716 3420 1746 3466 et
1761 3423 1865 3469 constet

692 3494 718 3532 v.
740 3509 771 3518 -
797 3479 939 3535 demitono
956 3482 1043 3543 (inira
1061 3489 1184 3551 quoquo)
1205 3482 1301 3551 richg.
1324 3510 1358 3521 -
1386 3491 1410 3533 et
1429 3483 1463 3533 de
1479 3482 1600 3532 hemiolio
1612 3482 1650 3545 fit
1671 3482 1722 3530 Rs.
1745 3512 1793 3526 -.
1809 3484 1865 3535 esd

691 3540 739 3597 dccl
758 3548 855 3600 πασῶν
872 3547 920 3601 καὶ
937 3546 983 3602 διὰ
999 3546 1078 3604 πέντε
1097 3568 1157 3617 v·g.
1190 3568 1281 3603 onum
1298 3548 1756 3602 AIAuActtNKAIAnENTE
1777 3551 1810 3603 Β.
1828 3580 1861 3589 -

692 3613 782 3665 dedu
807 3616 860 3667 lori
877 3622 952 3683 (unp.
972 3619 1092 3686 triplam]
1109 3617 1141 3668 F.
1159 3647 1194 3657 -
1209 3636 1318 3670 numero
1334 3635 1389 3669 om.
1408 3618 1459 3668 Ru.
1476 3645 1508 3656 -
1528 3617 1584 3668 Bis
1601 3624 1688 3667 cutem
1706 3616 1738 3667 F.

761 3679 796 3730 Ι.
835 3683 923 3750 Caput
943 3685 979 3735 11.
1016 3685 1095 3737 Plato
1114 3703 1188 3753 quem
1207 3687 1235 3737 in
1255 3687 1361 3737 modum
1379 3686 1495 3737 animum
1512 3683 1656 3735 mundior
1678 3687 1795 3738 numeris
1809 3692 1862 3752 so·

689 3745 818 3798 loricatum
836 3765 891 3800 esse
907 3752 1039 3812 docuerim
1068 3760 1092 3804 et
1110 3755 1180 3820 qnod
1196 3754 1256 3807 ltine
1274 3756 1354 3806 etium
1369 3749 1479 3821 piaton
1494 3753 1591 3820 posuit,
1609 3761 1759 3806 concentum
1778 3772 1861 3821 quon-

690 3815 753 3865 dam
768 3830 823 3867 esse
839 3816 986 3869 coelestium
1004 3833 1148 3886 corporum.
1165 3822 1244 3873 cli-lt.
1398 3826 1423 3872 1.
1459 3822 1529 3872 llinc
1545 3827 1571 3871 et
1589 3834 1648 3887 v·g.
1666 3848 1701 3859 -
1716 3831 1861 3889 postquem

689 3897 725 3933 ec
741 3879 772 3932 F.
805 3892 946 3952 postquem
963 3901 976 3936 e
991 3891 1066 3952 (sup.
1082 3892 1127 3947 eo)
1141 3888 1190 3939 lli.
1224 3897 1364 3956 postquam
1380 3894 1448 3949 (om.
1465 3893 1503 3949 ot)
1521 3904 1582 3955 v·g.
1596 3916 1630 3925 —
1646 3887 1782 3941 doctrinae
1799 3908 1859 3943 suc-

688 3949 804 4002 cessione
822 3950 872 4003 Ru.
895 3980 922 3990 —
960 3954 1051 4021 roprio
1067 3959 1156 4016 (core.
1175 3957 1203 4007 in
1219 3957 1343 4025 propitii)
1362 3956 1393 4008 F.
1411 3958 1491 4007 -in
1512 3955 1627 4022 limoso]
1652 3972 1678 4023 p.
1696 3958 1730 4005 ³4
1749 3974 1809 4024 sqq.
1825 3988 1859 3998 -

688 4020 872 4071 oonteoioncm
890 4020 911 4072 C
927 3970 964 4083 (β

691 4113 717 4124 -
749 4090 884 4142 uotorum
903 4106 916 4141 e
935 4096 1020 4153 (corr.
1037 4089 1064 4143 io
1082 4092 1289 4152 adventorum)
1307 4092 1358 4143 lli.
1386 4122 1422 4131 -
1447 4091 1562 4142 musicae
1580 4092 1664 4143 ortis
1682 4089 1712 4142 C.
1758 4096 1860 4147 musici

687 4153 740 4206 m.
892 4162 917 4210 Ἃ.
956 4160 1210 4229 praetermittendo
1231 4160 1281 4211 uu
1304 4159 1341 4221 (F
1363 4177 1434 4211 corr.
1456 4159 1484 4210 iu
1505 4164 1629 4227 praeno.
1680 4160 1858 4216 adiciendo

687 4228 764 4292 (sup.
777 4227 1026 4293 proetcmittendo)
1045 4227 1075 4279 (l.
1227 4231 1252 4280 3,
1288 4246 1382 4296 corpus
1399 4228 1513 4281 solidum
1537 4228 1587 4277 RQ.
1609 4254 1643 4264 -
1666 4234 1696 4277 et
1712 4232 1859 4294 profondi-

686 4299 768 4343 tatem
786 4291 817 4344 F.
834 4321 869 4332 -
887 4296 915 4345 in
934 4297 1048 4363 quolibet
1063 4311 1168 4365 corpore
1184 4297 1298 4348 inueniri
1318 4297 1369 4346 ΕΙ.
1519 4297 1545 4345 4.
1580 4310 1688 4362 corporo
1705 4297 1755 4346 sibi
1771 4296 1802 4347 1¹¹.
1821 4324 1858 4337 -·

686 4360 866 4418 collidentia
883 4362 953 4412 Bne.
988 4364 1175 4416 eoiiuoentiu
1192 4363 1281 4427 „libri
1300 4371 1376 4426 vett,
1395 4360 1521 4429 quamvis
1540 4361 1563 4426 l,
1584 4365 1615 4413 15
1639 4362 1663 4426 [5
1680 4362 1717 4428 5.]
1736 4364 1857 4416 dixeritr

685 4424 787 4492 reliquo
804 4426 869 4494 igne
885 4430 992 4481 coelesti
1009 4431 1090 4483 lucem
1110 4447 1185 4484 suom
1200 4450 1253 4484 non
1271 4432 1422 4483 subiiciente
1440 4432 1616 4497 conspectuif‘
1640 4430 1727 4481 Goon.
1778 4434 1858 4485 aedo

687 4492 724 4542 llt.
743 4491 756 4555 l
773 4495 799 4540 2·
818 4495 948 4547 subiectus
964 4505 1002 4549 est
1021 4500 1119 4565 oculis,
1141 4513 1164 4551 c.
1184 4504 1232 4563 la,
1252 4501 1265 4566 ᾗ
1285 4504 1325 4551 12.
1343 4501 1461 4551 subiecto
1478 4498 1566 4549 oculis.
1586 4524 1619 4538 -
1639 4499 1667 4549 in
1685 4515 1736 4567 poc
1753 4517 1810 4553 nec
1829 4520 1855 4555 v.

686 4560 800 4613 latitudo
818 4578 901 4629 neque
920 4563 962 4616 lon
986 4566 1060 4619 itudo
1081 4565 1112 4617 F.
1133 4596 1167 4605 —
1189 4585 1288 4635 neque
1306 4569 1420 4621 altitudo
1441 4565 1674 4617 uiscust’uro.
1827 4574 1854 4620 5.

686 4623 855 4682 dinamio
870 4632 950 4685 unius
963 4581 1019 4685 liz
1041 4664 1075 4673 -
1096 4635 1153 4687 sine
1167 4637 1222 4689 ulto
1241 4636 1318 4697 (add.
1335 4652 1353 4689 u
1370 4653 1427 4690 sec.
1444 4653 1481 4687 m.
1497 4636 1554 4687 sine
1572 4636 1640 4694 luto)
1659 4632 1690 4684 0.
1724 4637 1781 4687 sine
1799 4638 1857 4690 olto

979 4038 1041 4089 sup.
1059 4024 1122 4075 add.
1141 4029 1174 4083 t).
1210 4025 1442 4077 commixtionem
1459 4023 1510 4075 Br.
1535 4049 1570 4063 -·
1593 4024 1766 4087 fabricatum
1787 4026 1858 4078 Bon.

719 4811 761 4874 ll,
781 4816 805 4864 l·
842 4816 1078 4888 Pythagoricae..
1097 4823 1245 4891 doctrinae]
1327 4828 1353 4876 3.
1391 4825 1474 4876 Omne
1508 4824 1621 4876 solidum
1654 4842 1748 4893 corpus
1782 4826 1857 4878 trinu

685 4877 727 4929 ct.
756 4878 901 4963 derisorie.
933 4891 979 4950 la,
1014 4891 1038 4939 1.
1074 4889 1244 4960 Pythagoras
1294 4893 1455 4944 dimensione
1472 4890 1640 4959 distenditur]
1668 4892 1709 4944 cf.
1728 4893 1756 4957 l,
1779 4899 1809 4958 is,
1829 4900 1855 4947 9.

682 4947 801 5013 prodidit
816 4950 884 5002 leuno
900 4960 983 5007 totum
998 4958 1125 5007 mundum
1143 4961 1244 5011 musico
1286 4962 1324 5027 Jit
1356 4962 1425 5011 enim
1455 4961 1561 5012 tritus
1593 4961 1856 5014 dimensionibus

680 5017 785 5079 suctum
813 5020 924 5072 notioris.
966 5023 1023 5073 dlll
1050 5023 1164 5091 Orpheo
1191 5028 1243 5078 tri·
1292 5029 1399 5096 inpletis
1418 5045 1536 5097 corpus
1556 5029 1711 5093 solidum,
1735 5039 1763 5080 et
1780 5045 1855 5095 quoe

683 5083 772 5135 bouet
795 5085 918 5140 musicus
944 5091 1076 5142 eoelestis
1103 5091 1243 5148 inventio·
1292 5097 1427 5163 leguntur
1455 5096 1525 5149 ibid.
1553 5098 1617 5148 indo
1643 5111 1659 5147 a
1686 5097 1700 5161 p
1723 5103 1749 5148 7.
1778 5104 1807 5149 et
1830 5099 1854 5162 1,

682 5166 756 5201 nem·
793 5152 851 5205 Vid.
871 5159 1054 5226 notuddtl.
1292 5166 1377 5226 md.

715 5219 861 5287 iugfllllcm
880 5228 1082 5297 ooapctmtiom]
1105 5225 1148 5282 ct.
1166 5229 1179 5297 l
1200 5234 1241 5284 ts.
1325 5233 1351 5280 4.
1386 5249 1454 5299 puae
1487 5233 1624 5303 appellent
1654 5231 1855 5303 scotomatica}

679 5289 710 5335 ot
724 5286 748 5352 l,
767 5292 792 5354 d,
812 5293 855 5345 24,
1291 5293 1333 5351 (li.
1353 5299 1377 5366 1,
1394 5304 1421 5365 6,
1439 5303 1481 5353 dd.
