5092 6425
808 896 945 967 coum
965 897 1010 968 IN
1031 895 1158 968 SOMN.
1178 894 1277 966 SCIP.
1320 897 1395 964 LIB.
1417 897 1440 962 I.
1484 896 1574 967 GAP.
1596 900 1681 967 XIII.
1788 901 1830 968 II

657 1073 704 1138 ire
728 1070 913 1158 permiserit
955 1070 1027 1136 Non
1048 1068 1131 1133 enim
1157 1068 1246 1134 vitari
1273 1089 1404 1155 poenam
1426 1068 1538 1134 ludive
1563 1069 1748 1137 discessione
1775 1073 1830 1140 sed

656 1177 805 1223 cresccre.
847 1157 915 1220 Hoc
939 1175 1064 1253 quoque
1086 1152 1184 1232 addit,
1219 1175 1277 1218 nos
1298 1175 1365 1219 esse
1386 1154 1418 1219 in
1439 1153 1576 1221 dominio
1597 1156 1726 1222 deorum
1752 1180 1829 1244 quo·

657 1264 728 1309 rum
754 1240 852 1307 tutela
875 1248 907 1305 et
930 1239 1120 1326 providentia
1150 1239 1374 1324 gubernamur:
1412 1240 1488 1304 nihil
1510 1250 1615 1307 autem
1641 1264 1709 1309 esse
1732 1244 1829 1309 inrito

658 1327 786 1394 domino
808 1326 846 1391 de
868 1325 916 1390 bis
943 1346 1021 1410 quae
1042 1324 1179 1411 possidet
1198 1346 1235 1389 ex
1259 1345 1298 1389 eo
1319 1325 1387 1388 loco
1408 1325 1439 1388 in
1464 1347 1525 1411 quo
1551 1348 1641 1393 suum
1662 1329 1830 1395 constitue·

658 1420 707 1479 rat
728 1411 947 1478 auferendum:
987 1419 1019 1475 et
1045 1410 1125 1475 sicut
1152 1411 1206 1495 qui
1235 1411 1328 1475 vitam
1358 1410 1511 1496 mancipio
1538 1421 1702 1499 extorquet
1728 1415 1829 1482 alieno

658 1498 787 1565 crimine
809 1518 872 1562 non
894 1495 1024 1574 carebit,
1053 1495 1096 1560 ita
1116 1516 1187 1560 eum
1211 1495 1264 1580 qui
1288 1495 1381 1560 finem
1403 1494 1460 1559 sibi
1483 1496 1608 1562 domino
1630 1499 1761 1566 necdum
1783 1503 1830 1569 iu·

659 1585 751 1650 bento
774 1581 961 1669 quaesiverit
982 1602 1043 1646 non
1066 1580 1291 1646 absolutionem
1312 1581 1458 1665 consequi
1482 1581 1536 1646 sed
1558 1592 1686 1649 reatum.
1745 1589 1829 1655 Haeo
1859 1595 1880 1660 9

659 1669 836 1735 Platonicae
857 1676 959 1732 sectae
981 1666 1098 1731 semina
1122 1665 1214 1731 altius
1235 1666 1378 1731 Plotinus
1402 1666 1575 1751 exequitur.
1618 1669 1762 1756 Oportet,
1783 1674 1830 1738 in·

659 1755 743 1840 quit,
777 1754 912 1819 animam
934 1758 1005 1838 post
1026 1751 1183 1816 bominem
1206 1751 1334 1816 liberam
1355 1751 1510 1836 corporeis
1550 1754 1723 1823 assionibus
1746 1760 1830 1824 inve·

658 1839 730 1904 niri.
773 1838 877 1918 Quam
897 1838 950 1923 qui
974 1836 1012 1902 de
1034 1857 1163 1922 corpore
1188 1836 1340 1903 violenter
1366 1837 1502 1902 extrudit
1527 1773 1654 1905 dberam
1677 1864 1831 1909 essenon

659 1923 785 2010 patitur.
827 1922 890 2003 Qui
911 1923 994 1989 enim
1015 1922 1074 1987 sibi
1096 1943 1152 1988 sua
1178 1930 1289 2008 sponte
1316 1943 1423 1986 necem
1452 1933 1608 2009 comparat
1634 1935 1689 1992 aut
1713 1938 1831 2015 pertae-

661 2030 715 2074 sus
738 2008 927 2074 necessitatis
953 2015 1007 2073 aut
1033 2014 1119 2074 metu
1138 2007 1319 2094 cuiusquam
1346 2007 1384 2073 ad
1407 2006 1470 2087 boc
1492 2007 1651 2076 descendit
1674 2022 1729 2078 ant
1749 2014 1831 2091 odio,

661 2115 742 2179 quae
763 2093 867 2160 omnia
892 2093 975 2160 intar
995 2093 1153 2178 passiones
1180 2091 1350 2158 habentur:
1389 2114 1478 2177 ergo,
1513 2095 1571 2159 etsi
1600 2104 1671 2161 ante
1698 2098 1756 2165 luit
1781 2100 1831 2165 bis

662 2179 805 2244 sordibus
824 2200 916 2264 pura,
938 2177 999 2243 hoc
1019 2178 1086 2264 ipso
1105 2186 1223 2255 mmen,
1245 2198 1309 2263 quo
1327 2177 1391 2242 exit
1411 2185 1546 2253 extorta,
1561 2179 1726 2248 'sordescit
1767 2187 1831 2250 Ile·

662 2265 735 2329 inde
757 2272 888 2330 mortem
909 2262 1020 2329 debere
1040 2263 1084 2328 ait
1104 2263 1223 2328 animae
1245 2283 1262 2327 a
1285 2283 1414 2348 corpore
1438 2262 1623 2329 solutionem
1645 2288 1727 2345 esse,
1767 2291 1830 2336 non

663 2350 836 2415 vinculum:
857 2349 943 2415 exitu
964 2357 1066 2415 autem
1089 2356 1193 2414 coacto
1215 2348 1349 2412 animam
1370 2348 1449 2413 circa
1470 2368 1581 2434 corpus
1601 2353 1697 2437 magis
1719 2355 1882 2440 magis-[oo]

664 2456 726 2520 que
745 2434 862 2501 vinciri.
903 2435 946 2499 Et
966 2454 1072 2500 revera
1093 2434 1162 2499 ideo
1182 2433 1224 2498 sio
1246 2440 1387 2498 extortae
1405 2433 1525 2498 animae
1545 2434 1599 2500 din
1618 2437 1697 2502 circa
1719 2450 1883 2525 corpuslo

663 2520 768 2586 eiusve
788 2520 978 2605 sepulturam
1001 2520 1049 2585 vel
1072 2520 1173 2585 locum
1196 2518 1311 2605 inquo
1334 2518 1445 2584 iniecta
1463 2539 1572 2585 manus
1597 2530 1645 2587 est
1664 2544 1831 2610 pervagan-

662 2614 728 2671 tur:
750 2626 819 2670 oum
842 2612 949 2671 contre
969 2604 1039 2670 illae
1061 2606 1190 2682 animae,
1212 2624 1292 2690 quaa
1312 2625 1345 2669 se
1363 2605 1396 2668 in
1417 2603 1475 2669 bac
1495 2606 1556 2671 vita
1576 2607 1743 2676 avinculis
1765 2631 1832 2676 oor·

662 2692 745 2778 poris
766 2689 979 2789 philosophiae
1001 2698 1100 2756 morte
1120 2690 1307 2766 dissolvunt,
1332 2689 1433 2755 adbuc
1453 2698 1577 2756 extante
1599 2713 1727 2779 corpore
1746 2697 1832 2762 eaelo

663 2785 694 2842 et
715 2777 866 2842 sideribus
886 2783 1070 2863 inqerantur.
1112 2777 1155 2842 Et
1176 2776 1245 2840 ideo
1265 2775 1349 2840 illam
1371 2776 1467 2842 solam
1489 2775 1528 2842 de
1547 2777 1728 2846 voluntariis
1750 2803 1832 2847 mor-

662 2862 745 2928 tibus
767 2861 919 2947 signifioat
946 2882 1014 2926 esse
1042 2859 1242 2938 laudabilem,
1276 2881 1355 2946 quae
1384 2868 1594 2947 comparatur,
1625 2871 1661 2929 ut
1688 2866 1831 2945 diximus,

663 2947 875 3035 pbilosopbiae
897 2944 1031 3022 ratione,
1058 2967 1121 3011 non
1140 2946 1234 3022 Icrro,
1264 2945 1444 3032 prudentia,
1470 2968 1532 3012 non
1553 2968 1681 3015 veneno.
1737 2952 1880 3023 Additll

664 3034 755 3100 etiam
777 3034 861 3098 illam
884 3032 980 3096 solam
1008 3051 1075 3096 csse
1101 3033 1271 3098 naturalem
1294 3038 1442 3108 mortem,
1482 3032 1536 3098 ubi
1555 3054 1667 3120 corpus
1687 3037 1832 3116 animam,

664 3140 727 3184 non
755 3119 857 3184 anima
885 3136 1014 3202 corpus,
1043 3117 1198 3202 relinquit
1241 3116 1370 3183 Constat
1391 3117 1474 3181 enim
1494 3139 1695 3186 numerorum
1717 3133 1832 3189 certam

665 3206 925 3290 constitutamque
945 3203 1096 3268 rationem
1124 3203 1242 3268 animas
1264 3201 1381 3267 sociare
1406 3201 1596 3287 corporibus.
1639 3205 1680 3270 Hi
1710 3209 1832 3274 numeri

664 3291 738 3357 dum
761 3295 942 3376 supersunt,
976 3296 1153 3374 perseveret
1172 3308 1285 3373 corpus
1306 3287 1435 3351 animari
1442 3307 1450 3351 :
1491 3308 1560 3351 cum
1581 3309 1655 3355 vero
1677 3289 1833 3373 deficiunt,

665 3399 738 3442 mox
758 3375 891 3441 arebana
910 3374 960 3439 illa
981 3374 1027 3440 vis
1049 3374 1187 3450 solvitur,
1207 3393 1268 3458 qua
1290 3371 1419 3437 societas
1438 3372 1503 3457 ipsa
1523 3373 1696 3438 constabat:
1722 3385 1754 3441 et
1775 3378 1834 3445 boc

665 3471 714 3527 est
740 3460 824 3546 quod
851 3459 947 3524 latum
973 3466 1006 3524 et
1029 3458 1130 3532 letalia
1159 3458 1241 3524 vitae
1269 3465 1409 3542 tempora
1430 3476 1584 3523 vocamus
1625 3459 1738 3526 Anima
1759 3483 1833 3548 ergo
1846 3467 1885 3532 12

667 3548 733 3634 ipsa
755 3566 817 3612 non
838 3543 954 3626 delicit,
978 3544 1093 3632 quippe
1113 3564 1193 3633 quae
1211 3542 1382 3609 inmortalis
1402 3551 1495 3631 atque
1513 3551 1662 3631 perpetua
1683 3554 1745 3629 est,
1779 3549 1834 3615 scd

1462 3763 1546 3829 [und.
1562 3762 1767 3835 ricebgopdzb.

666 3854 728 3907 inde
742 3852 775 3904 1⁴¹.
800 3879 828 3891 -
852 3850 1024 3904 obsecutione
1044 3850 1094 3902 Rs.
1116 3878 1152 3891 -
1173 3850 1202 3903 io
1218 3851 1280 3904 duo
1298 3849 1373 3917 (sup.
1392 3850 1521 3916 dominio)
1540 3847 1573 3901 F·
1595 3864 1634 3890 -’
1650 3853 1668 3903 d
1674 3854 1836 3908 ominosam

684 3939 774 3973 nomm
793 3920 845 3972 HI.
880 3922 932 3972 dci
949 3918 1181 3971 666663616-
1198 3918 1404 3971 addiditBss.
1421 3947 1457 3959 -
1473 3918 1541 3972 nisi
1556 3919 1614 3974 lece
1629 3936 1684 3971 erse
1702 3926 1778 3989 (unp.
1793 3926 1838 3975 ui-

665 3942 704 4044 dn
720 3994 822 4050 autem]
838 3987 890 4039 Re.
907 4014 943 4028 -
961 3987 1066 4039 domino
1081 4004 1141 4038 noo
1160 3987 1264 4040 iubente
1281 3987 1333 4039 RI.
1469 3991 1494 4039 9.
1531 3984 1661 4053 Plotinus]
1673 3988 1797 4041 Enuond·
1812 3991 1836 4055 I,

664 4060 715 4112 lib.
725 4057 773 4107 lx.
785 4083 818 4095 -·
830 4056 920 4107 debers
932 4056 1039 4108 animae
1048 4054 1087 4106 nit
1097 4054 1149 4105 III·
1288 4058 1329 4104 10.
1366 4054 1455 4107 eiusne
1464 4054 1650 4121 sepulchrum
1663 4054 1713 4104 Ill.
1723 4082 1758 4095 -
1767 4074 1836 4122 quae

665 4129 694 4179 in
710 4126 779 4190 (om.
802 4123 843 4187 se)
863 4122 946 4190 oabg.
966 4150 1001 4159 -
1017 4122 1134 4189 eorporis
1149 4120 1291 4173 usurum
1306 4120 1431 4188 „Anglf‘
1463 4122 1605 4187 corporcis
1622 4120 1783 4173 vc-bPan.
1800 4152 1837 4164 -

666 4192 862 4245 dissoluantur
878 4205 940 4257 v-g.
956 4217 991 4229 -
1010 4190 1092 4243 dicit
1107 4206 1162 4242 sace
1178 4189 1252 4241 laud.
1270 4188 1302 4240 12.
1319 4214 1353 4227 -
1369 4197 1400 4241 ut
1417 4187 1542 4253 dicimos]
1562 4186 1606 4239 CI.
1621 4185 1635 4249 l
1652 4189 1677 4235 6.
1697 4214 1730 4225 -
1746 4188 1837 4255 pbilo-

666 4260 776 4327 sopbioc
796 4258 899 4309 rationo
919 4264 948 4310 ut
968 4258 1084 4309 dicimus
1110 4273 1170 4325 v-g.
1328 4259 1369 4306 II.
1408 4254 1492 4307 colam
1514 4260 1584 4316 (om.
1603 4253 1694 4313 illum)
1716 4270 1778 4322 v-g.
1802 4285 1836 4295 -

665 4324 816 4380 naturalem
833 4340 888 4376 csse
905 4325 955 4375 Ra.
971 4351 1006 4365 -
1023 4324 1140 4376 animam
1157 4322 1247 4375 auimo
1262 4340 1315 4374 non
1332 4322 1384 4374 RI.
1418 4323 1536 4373 onimbm
1553 4330 1583 4375 et
1601 4321 1691 4373 noima
1709 4320 1738 4374 S.
1773 4324 1835 4376 oni·

666 4411 717 4448 ma
735 4410 788 4445 non
803 4390 968 4444 animasti.
989 4420 1025 4433 -
1046 4393 1095 4445 illo
1112 4392 1231 4445 orclem
1248 4391 1291 4442 oie
1312 4388 1345 4440 F.
1384 4389 1503 4443 arebam
1520 4391 1560 4443 oie
1576 4391 1627 4444 illo
1649 4388 1684 4441 G.

666 4592 791 4661 „bocum
813 4608 895 4659 quern
916 4593 1015 4643 unctor
1031 4592 1155 4657 npeelat,
1177 4606 1225 4641 ex·
1310 4592 1352 4641 10.
1388 4588 1495 4641 animae
1516 4588 1563 4641 din
1584 4588 1655 4641 circo
1676 4606 1771 4658 coepes

666 4671 709 4715 tat
725 4662 831 4714 Phacd.
849 4660 924 4712 Sect.
942 4663 959 4710 6
977 4657 1014 4727 [p.
1030 4657 1114 4727 62].“
1137 4658 1225 4710 Zeus.
1273 4656 1470 4775 percoquatur]
1496 4656 1576 4708 conf.
1595 4656 1675 4709 Sorv.
1700 4659 1735 4710 ed
1758 4659 1835 4729 Virg-

699 4750 725 4798 9,
758 4752 818 4813 post
834 4742 972 4811 pompm]
995 4742 1072 4795 {dom
1093 4747 1137 4794 θη
1151 4740 1224 4809 quoq
1276 4727 1344 4776 den.
1378 4725 1407 4787 V,
1423 4727 1482 4775 366.
1503 4725 1601 4777 Dicent
1613 4725 1716 4793 physici
1732 4727 1835 4780 dietba-

666 4812 737 4867 nmfl
758 4821 818 4880 pm
841 4829 935 4881 cmm
960 4810 1007 4864 ch
1030 4817 1092 4879 pm
1114 4809 1224 4861 animal.
1275 4802 1398 4844 notorum
1417 4794 1521 4875 animur.
1537 4806 1590 4844 non
1606 4794 1689 4862 recipi
1704 4795 1836 4877 imqrr'gi·

668 4882 728 4934 qvid·
747 4886 802 4933 ποι,
822 4882 856 4932 nd
875 4898 900 4931 ο,
921 4885 948 4942 1,
968 4879 1023 4946 qq,
1276 4877 1336 4913 nem
1350 4876 1439 4924 suom,
1466 4878 1519 4912 nest
1535 4868 1668 4929 vagantes
1685 4862 1835 4931 legatorum

1276 4936 1379 4995 tempos
1388 4928 1447 4994 foti
1461 4926 1645 4997 conpleverint
1659 4934 1723 4995 eto,
1735 4930 1835 4984 etSal·

700 4966 747 5016 boo
763 4964 829 5031 ipso,
843 4982 894 5031 qno
910 4964 963 5015 erit
978 4959 1090 5029 estona]
1110 4957 1227 5012 I’idctnr
1276 5010 1345 5047 mm·
1363 4996 1398 5048 ad
1417 4995 1505 5047 sonu¹
1525 5013 1552 5063 P·
1572 4999 1633 5048 737·

667 5049 730 5084 csse
747 5032 822 5082 idem
838 5048 871 5083 ac
889 5032 938 5083 boe
955 5032 1014 5097 ipso
1029 5030 1141 5092 colione,
1158 5044 1227 5095 qna,-

630 5097 633 5102 ’
667 5101 722 5152 nisi
738 5099 811 5150 torte
825 5100 914 5151 marin
928 5096 1084 5164 respiciens
1097 5096 1132 5147 ad
1146 5102 1225 5148 ente·
1310 5099 1350 5147 ll.
1389 5112 1556 5148 nummorum
1583 5104 1680 5148 certem
1706 5096 1836 5150 constitu-

668 5169 770 5218 cedens
789 5174 864 5229 onte,
896 5163 1078 5232 interpretari
1101 5164 1149 5243 boc
1167 5163 1224 5231 ipso
1274 5169 1381 5229 tamque
1394 5164 1533 5231 rationem]
1551 5162 1594 5215 CI.
1610 5181 1635 5215 c.
1649 5168 1676 5231 6,
1693 5162 1706 5229 5
1723 5168 1758 5215 62
1774 5181 1833 5231 sqq.

669 5236 792 5303 temporis
808 5242 949 5298 momento,
969 5250 1020 5300 qno
1035 5238 1088 5284 etc.
1275 5236 1304 5283 ct
1321 5231 1335 5298 §
1351 5234 1394 5298 82,
