5092 6425
703 851 769 917 220
1089 845 1259 917 lucem!
1285 844 1495 915 AUCTORIS

704 1022 787 1075 litun
797 1015 962 1086 ⁷›brnssnsnts'
980 1016 1008 1067 in
1030 1016 1155 1069 CCCLX
1169 1016 1275 1085 gradus
1288 1032 1334 1084 per
1352 1015 1491 1069 cauitsm
1509 1016 1654 1081 diuiditur,
1676 1023 1707 1071 et
1724 1032 1777 1086 per
1795 1023 1885 1069 ntrnn·

705 1120 756 1173 qus
772 1101 916 1155 mediclinii
927 1103 1052 1164 foramen
1065 1100 1128 1168 polo
1145 1102 1261 1169 inspecto
1276 1101 1403 1170 gradum,
1420 1100 1448 1153 in
1467 1118 1519 1168 quo
1536 1099 1732 1153 nsdieliniusn
1750 1102 1837 1166 stetit,
1852 1101 1884 1151 li

670 1188 802 1258 bligsnti
825 1186 997 1236 adnotatione
1018 1186 1148 1254 signavit.
1192 1188 1227 1238 lit
1241 1188 1378 1253 profectus
1394 1185 1456 1236 inde
1472 1193 1545 1239 recta
1561 1185 1637 1237 linea
1654 1202 1676 1236 a
1697 1185 1819 1237 meridie
1834 1202 1885 1236 ess·

703 1280 747 1326 tra
764 1269 963 1338 septentrionem
979 1285 1071 1322 rursus
1084 1270 1250 1336 subsequenti
1265 1276 1340 1321 noete
1355 1269 1445 1336 polum
1462 1286 1511 1337 per
1527 1277 1674 1337 utrumqne
1686 1270 1826 1334 sora-en
1841 1286 1884 1320 ns-

703 1356 807 1409 ds'clinii
826 1352 1030 1420 contemplatus,
1048 1360 1074 1406 et
1090 1354 1170 1406 tertia
1185 1354 1321 1415 similiter,
1338 1354 1445 1405 tande·
1462 1371 1516 1405 unc
1532 1353 1626 1421 padus
1645 1353 1842 1405 mediols'ns'un
1857 1352 1886 1403 sl

703 1440 840 1507 superiora
860 1445 1008 1506 pronsotuns
1029 1437 1138 1488 inuenit.
1177 1438 1248 1488 'l'unc
1270 1437 1387 1489 dictante
1410 1437 1514 1488 ratione
1535 1437 1616 1488 leuius
1637 1437 1755 1489 itineris
1777 1437 1884 1506 spatia

705 1524 850 1591 diiigenter
869 1538 1002 1585 emensus,
1027 1522 1127 1572 incenit
1149 1521 1226 1573 DCC
1241 1521 1344 1583 stadia,
1370 1521 1426 1572 sice
1442 1522 1561 1572 nsiliaria
1579 1522 1731 1591 octoginta
1752 1528 1884 1590 septae

655 1603 688 1650 1⁰
704 1608 782 1661 ssrssis
801 1623 897 1668 unum,
930 1605 979 1658 boo
999 1614 1037 1657 est
1060 1605 1207 1656 dimidium.
1263 1604 1327 1658 Post
1348 1603 1412 1656 baec
1436 1605 1508 1656 datis
1532 1606 1678 1672 unicuique
1708 1606 1746 1658 de
1771 1607 1883 1659 ssu-sn

702 1692 847 1760 sexaginta
862 1691 943 1742 totius
960 1690 1052 1741 circuli
1068 1690 1201 1758 gradibus
1217 1689 1340 1751 totidem,
1368 1689 1489 1740 inuentus
1506 1696 1545 1742 est
1560 1690 1644 1742 totius
1660 1695 1760 1743 tmere
1778 1690 1882 1742 nubilus

703 1777 816 1830 ducenta
840 1773 1038 1842 quinquaginta
1060 1773 1113 1825 duo
1134 1774 1225 1825 stadia
1247 1773 1303 1825 sios
1326 1772 1419 1824 Xffl
1437 1780 1461 1825 et
1483 1772 1631 1841 quingenta
1655 1774 1788 1827 miliaria
1806 1775 1881 1827 osnti-

702 1875 772 1912 sssrs.
820 1859 907 1924 Atque
935 1857 974 1909 ita
1001 1857 1134 1924 probabili
1160 1859 1263 1910 ratione
1292 1857 1434 1918 conclusit,
1470 1859 1539 1923 quod
1564 1865 1659 1924 partes
1688 1858 1753 1911 siue
1784 1859 1880 1929 gradus

706 1942 838 2006 CCCLX,
858 1942 950 2008 quibus
967 1941 1051 1993 omnis
1068 1941 1173 1992 zodiaci
1191 1940 1283 1992 circuli
1300 1948 1448 1992 tracturae
1465 1941 1585 1992 caelestis
1602 1942 1744 2009 sphaeras
1762 1942 1881 1995 matu

703 2027 847 2090 diuiditur,
874 2026 912 2077 ad
926 2033 1012 2079 terras
1028 2041 1111 2093 usque
1126 2024 1297 2092 proueniunt,
1327 2031 1358 2076 ut
1373 2041 1438 2092 pors
1456 2040 1574 2093 quaeque
1593 2026 1785 2095 inconpertae
1802 2036 1828 2082 el
1843 2028 1879 2079 in·

702 2111 875 2166 aestimabilis
891 2126 1030 2162 mensurae
1046 2110 1074 2160 in
1092 2116 1163 2162 terra
1179 2110 1226 2160 sub
1241 2116 1339 2160 certans
1354 2124 1504 2161 mensuram
1518 2108 1608 2160 cadat.

653 2196 684 2245 11
775 2198 872 2247 'l'erras
888 2196 988 2247 ambitu
1009 2200 1138 2261 consperto
1159 2193 1334 2260 quantitatem
1355 2193 1479 2245 diametri
1495 2193 1670 2259 inquiramus.
1714 2195 1806 2249 Onne
1824 2200 1879 2253 dis·

701 2288 812 2335 nstrum
830 2278 992 2347 triplicatum
1011 2284 1036 2330 et
1053 2277 1149 2329 addita
1165 2278 1277 2345 septima
1290 2283 1369 2346 parte
1385 2277 1509 2328 circulurn
1523 2277 1603 2342 sarit.
1640 2277 1740 2347 igitur
1763 2282 1880 2336 demi

702 2365 800 2418 circulo
822 2363 915 2416 ablata
936 2361 1061 2415 uicesimo
1084 2361 1200 2412 secunda
1219 2369 1299 2428 parte
1320 2369 1345 2413 et
1366 2361 1423 2412 eius
1442 2361 1512 2429 quod
1528 2369 1647 2414 remanet
1669 2372 1787 2432 sumpta
1806 2368 1879 2420 emin

652 2455 685 2503 12
702 2451 839 2519 quantitas
857 2448 981 2500 diametri
998 2453 1045 2497 est.
1097 2445 1143 2496 Sic
1161 2461 1226 2513 ergo
1246 2445 1279 2496 de
1296 2445 1415 2497 ducentis
1433 2445 1631 2512 quinquaginta
1647 2446 1760 2499 duobus
1776 2451 1879 2503 milibus

700 2534 797 2588 studiis
813 2530 937 2582 onesimo
953 2528 1068 2580 secundo
1085 2529 1235 2591 auferatur,
1255 2545 1324 2595 quae
1340 2537 1443 2581 canstat
1460 2530 1488 2580 in
1507 2528 1709 2581 Xl.oeecr.srsr
1728 2534 1823 2599 nmis,
1839 2535 1877 2586 oi-

700 2617 796 2669 cesisna
812 2612 928 2664 secunda
944 2613 1036 2672 unius,
1054 2617 1189 2661 remanent
1211 2611 1408 2663 CCXb.onr.r
1428 2621 1453 2666 et
1471 2611 1556 2664 decern
1573 2613 1718 2666 cicesisnae
1737 2618 1876 2670 secundae.

704 2700 785 2753 Gutus
802 2711 919 2749 summae
934 2708 999 2762 pars
1014 2694 1094 2746 tertia
1112 2702 1217 2762 sumpta
1231 2695 1300 2756 facit
1318 2696 1475 2749 diametrum
1491 2705 1578 2750 terrae
1595 2698 1623 2748 in
1641 2701 1790 2767 octoginta
1806 2704 1876 2755 niti-

700 2786 749 2836 bus
770 2779 865 2832 stadiis
890 2776 1033 2830 csfflt
1052 2784 1078 2828 et
1105 2778 1183 2827 nornis
1205 2778 1284 2829 unius
1311 2780 1393 2831 stadii
1415 2788 1440 2832 et
1461 2788 1558 2850 septem
1580 2782 1724 2835 caenosas
1745 2788 1876 2840 seundue

700 2867 779 2920 unius
796 2862 893 2927 stadii,
924 2861 1045 2928 quamuis
1064 2860 1215 2913 Macrobius
1234 2862 1303 2914 idens
1321 2863 1480 2916 diametrum
1498 2864 1601 2917 lxxx
1618 2865 1727 2931 stadia,
1761 2870 1805 2922 uel
1826 2889 1875 2923 nsn

697 3018 739 3087 pit
755 3017 793 3069 ire
809 3022 881 3068 rectu
898 3014 967 3066 linea
990 3030 1078 3066 casus
1098 3013 1257 3068 catarticum
1308 3016 1449 3084 tropicum,
1472 3022 1579 3068 manent
1595 3017 1667 3068 aecei
1689 3022 1805 3075 suntin
1827 3023 1876 3077 illa

697 3085 787 3152 polum
812 3092 837 3136 et
856 3083 987 3151 principio
1015 3085 1145 3149 sequentis
1173 3083 1257 3134 noctis
1308 3084 1365 3145 die,
1396 3085 1450 3135 sole
1475 3091 1547 3136 recta
1567 3085 1639 3136 linea
1660 3102 1744 3155 super
1764 3106 1811 3143 eos
1828 3109 1875 3144 ee·

699 3154 782 3206 eresit
801 3152 993 3221 astrolapsum,
1025 3158 1051 3202 et
1066 3167 1114 3219 per
1137 3151 1256 3202 medicli·
1306 3153 1400 3203 intents
1414 3151 1443 3203 in
1460 3152 1583 3205 meridies
1602 3160 1664 3205 tune
1681 3156 1731 3223 qui
1747 3160 1875 3214 suntsnb

698 3224 773 3275 nium
803 3228 897 3274 notata
923 3221 1001 3272 stella
1028 3220 1143 3288 aportuit
1170 3221 1257 3286 ipsum
1306 3221 1419 3287 tropico,
1449 3222 1496 3287 qui
1516 3222 1544 3271 in
1564 3222 1737 3289 praecedenti
1759 3227 1806 3278 dis
1823 3231 1874 3294 su-

698 3291 878 3344 nssdieliniurn
904 3289 946 3341 uel
974 3290 1077 3340 eleuare
1098 3288 1140 3339 uel
1165 3288 1257 3355 depri·
1308 3295 1384 3340 erunt
1405 3290 1477 3339 acesi
1499 3290 1592 3353 modo,
1619 3290 1717 3345 babent
1739 3296 1873 3362 umbras,

698 3375 780 3421 nsers,
807 3366 832 3411 et
849 3365 911 3411 tunc
932 3363 1029 3409 notata
1046 3356 1123 3409 stella
1139 3372 1187 3422 per
1200 3372 1257 3407 ms·
1306 3357 1325 3409 i.
1342 3372 1365 3406 e·
1384 3356 1503 3423 sequenti
1525 3356 1569 3409 die
1591 3358 1696 3412 uadunt
1716 3359 1797 3415 nltrn
1816 3371 1873 3418 trs-

698 3426 836 3479 diclinium
869 3432 894 3478 et
922 3426 999 3491 sacto
1027 3423 1064 3477 ibi
1095 3429 1194 3492 puncto
1228 3424 1257 3476 in
1304 3424 1394 3493 picum
1411 3431 1437 3475 et
1451 3423 1536 3476 locun
1558 3431 1689 3479 carentem
1712 3429 1813 3483 umbra
1828 3432 1872 3484 in-

697 3496 846 3562 ustrolrspso
872 3500 1052 3545 mensuratum
1078 3499 1117 3544 est
1141 3491 1257 3559 spatium
1303 3495 1352 3559 fra
1369 3491 1512 3559 tropicum.-
1527 3497 1625 3560 etpost
1642 3503 1802 3562 computant
1816 3500 1873 3553 dies

695 3564 766 3616 inter
796 3563 849 3614 duo
875 3568 990 3627 puncta,
1018 3567 1044 3611 st
1064 3566 1183 3611 notatum
1208 3566 1256 3623 est,
1307 3562 1372 3612 anni
1389 3560 1539 3621 naturales,
1571 3562 1598 3611 in
1616 3562 1711 3629 quibus
1727 3565 1770 3617 sol
1787 3573 1871 3620 tctun

696 3636 779 3696 quota
806 3644 871 3695 pars
898 3633 964 3679 esset
991 3627 1073 3679 totius
1102 3628 1253 3693 astrolapsi.
1299 3630 1498 3694 firmamentum
1513 3628 1614 3693 circuit,
1634 3637 1659 3681 et
1676 3636 1784 3684 tanturn
1804 3652 1869 3704 spa-

699 3697 787 3761 Quota
810 3710 875 3761 pars
896 3694 965 3745 illud
987 3700 1044 3744 erat
1066 3694 1147 3745 totius
1167 3703 1254 3745 ostro·
1305 3698 1370 3747 tium
1391 3704 1477 3747 terrae
1500 3696 1647 3748 attribuunt
1667 3697 1791 3768 singulis
1812 3703 1869 3755 die-

696 3762 781 3830 lapsi,
813 3769 891 3812 tanta
909 3758 994 3820 (sict)
1008 3776 1075 3827 pars
1096 3768 1153 3811 erat
1175 3763 1256 3813 totius
1305 3763 1367 3824 bus,
1400 3770 1425 3815 et
1441 3764 1481 3814 itu
1497 3763 1578 3815 totius
1598 3763 1693 3816 babent
1715 3783 1870 3822 mensuram

696 3837 783 3882 terrae
802 3829 871 3878 illud
889 3828 1008 3894 spacium
1029 3828 1098 3892 quod
1114 3835 1172 3879 erat
1187 3829 1255 3879 inter
1305 3829 1507 3898 multiplicando
1530 3832 1620 3883 stadia
1640 3848 1689 3899 per
1714 3836 1872 3890 eccm

694 3897 781 3956 laeum
802 3895 848 3947 ubi
875 3895 904 3946 in
923 3893 1011 3962 prisna
1038 3901 1113 3946 nocte
1136 3903 1255 3947 creuerat
1305 3897 1371 3948 dies.
1420 3899 1469 3951 Est
1500 3908 1588 3953 autern
1614 3902 1732 3953 stadiunn
1763 3905 1872 3957 cm
1959 3939 1962 3970 ,-

695 3964 875 4032 astrolapsum
904 3970 929 4016 et
955 3961 1024 4014 inter
1051 3962 1125 4012 illum
1155 3963 1200 4014 ubi
1226 3963 1254 4014 in
1302 3982 1408 4033 passus.

694 4033 811 4086 secunda
826 4038 958 4085 creuerat:
985 4038 1010 4083 ct
1028 4038 1180 4082 mensurata
1203 4030 1253 4083 illa
1337 4033 1454 4103 padus]
1478 4034 1551 4099 „Mn
1567 4035 1747 4103 gradibus.“
1771 4038 1866 4092 Gnon.

693 4108 771 4171 parte
787 4117 835 4170 per
856 4100 961 4162 studio,
987 4115 1035 4167 W
1052 4099 1127 4150 ''¹¹⁶¹’'
1149 4107 1253 4167 111111σπι
1340 4121 1380 4169 10.
1414 4118 1514 4185 stadia]
1542 4118 1631 4169 imaro
1657 4120 1733 4172 milio
1758 4125 1866 4175 stadis·
1961 4105 1963 4112 ⁵

694 4171 787 4224 scitum
804 4177 851 4233 eet,
866 4177 927 4238 quot
944 4168 1036 4220 stadia
1051 4169 1177 4220 essentia
1193 4185 1252 4219 am·
1302 4204 1370 4247 sm,
1386 4191 1414 4237 οι
1427 4186 1501 4239 fust.
1511 4187 1587 4238 ,mm
1599 4187 1785 4241 mesenam,
1822 4192 1865 4245 cc,

694 4239 752 4291 bites
779 4239 859 4291 totius
885 4246 972 4290 terrae
997 4236 1079 4288 oculis
1106 4235 1143 4286 ad
1176 4236 1253 4287 illam
1304 4256 1331 4320 §b
1349 4258 1366 4305 ὁ
1385 4260 1413 4305 02
1433 4257 1473 4305 ῃ,

692 4303 1252 4435 ’,11ῗὲΐοἭῗῖἓέῧὲῧιοιξυὲἓηοῶἴό,ξ
1338 4344 1368 4389 “⁸
1393 4355 1459 4407 ΡΜ
1486 4336 1613 4405 1111101110]
1647 4337 1716 4390 ΕΜ·
1745 4348 1775 4394 tl
1799 4359 1866 4410 pare

1304 4420 1389 4526 unq‘q.
1406 4478 1502 4525 certam
1528 4471 1686 4540 mensurans]
1717 4473 1788 4526 ΕΜ.
1816 4479 1865 4530 sub

1302 4548 1377 4593 certa
1401 4557 1537 4592 mensura.

695 4443 736 4492 10.
753 4437 937 4503 adscriptum,
955 4437 1027 4501 quod
1045 4437 1130 4491 etiam
1149 4440 1183 4489 nd
1203 4437 1252 4490 lib.

693 4506 736 4568 11,
760 4522 822 4571 cap·
849 4509 880 4567 t,
908 4504 921 4569 b
950 4506 989 4554 15.
1021 4510 1112 4570 {rotant
1138 4505 1252 4558 reterri:

694 4573 777 4624 ilatio
798 4571 848 4623 illa
871 4572 1063 4643 Aegyptiorum
1087 4575 1184 4627 iuvans
1209 4574 1251 4625 oi·
1539 4624 1545 4638 ‚
1752 4625 1760 4639 ·

693 4655 751 4691 suns
769 4639 833 4691 talis
849 4648 897 4692 est.
932 4641 1038 4694 Habent
1056 4644 1124 4694 enim
1139 4644 1250 4710 Aegyp·
1338 4629 1379 4678 ll·
1418 4626 1499 4677 01006
1516 4625 1673 4676 ‘immitunt
1692 4660 1717 4675 ··
1734 4627 1864 4681 crrrulusn

692 4706 726 4760 tr's'
740 4706 793 4771 ipsi
811 4709 940 4772 quasdam
961 4710 1081 4762 ciuitates
1104 4710 1152 4763 sub
1169 4710 1252 4761 nesti·
1297 4692 1379 4761 siml]
1397 4692 1440 4745 cf·
1458 4692 1562 4745 comm.
1581 4691 1604 4773 .¹’
1617 4695 1662 4753 20,
1680 4694 1720 4773 10.
1738 4722 1772 4731 -
1787 4693 1864 4749 Nata
1967 4721 1969 4726 ·

691 4773 750 4826 call
766 4773 1120 4840 tropico‚sioutMeroenet
1140 4778 1251 4843 Sym,
1301 4767 1430 4814 neutrum
1461 4778 1550 4829 genus
1580 4776 1608 4811 ra
1637 4761 1753 4811 voorbas
1782 4780 1864 4818 arm
1968 4787 1971 4798 ·

697 4839 750 4892 libi
771 4841 800 4892 in
821 4841 933 4893 solstitio
955 4843 1081 4895 aestivali
1102 4860 1195 4895 acceus
1218 4844 1250 4903 (i.
1300 4831 1476 4882 limatum·
1511 4828 1553 4879 Cf·
1573 4827 1587 4892 l
1606 4831 1647 4879 ¹²·
1665 4833 1693 4879 θῑ
1711 4828 1748 4892 Π,
1765 4833 1790 4883 θ·

692 4923 716 4960 e.
732 4898 839 4968 ἄσκιος)
861 4915 899 4960 est
923 4908 995 4959 locus
1016 4909 1063 4961 ills
1081 4911 1152 4961 circo
1170 4912 1250 4961 aseri·
1335 4916 1376 4964 ts.
1413 4913 1456 4963 11
1477 4945 1503 4963 ..
1527 4909 1652 4978 secunda]
1683 4910 1703 4963 i·
1725 4929 1749 4964 o.
1777 4916 1863 4967 11454

692 4974 772 5039 elisan
790 4978 809 5026 i.
828 4991 850 5025 e.
867 4993 920 5027 non
936 4974 1133 5057 iacitumbram
1150 4976 1178 5028 in
1195 4978 1249 5058 ali·
1300 4977 1467 5047 -Ι-Η-,Ις
1483 4986 1532 5039 (ε
1547 4981 1604 5045 33).
1640 5045 1649 5060 θ

691 5043 1250 5190 ,blatt‘ftslttttttsttttt
1332 5046 1861 5179 sslerb'fflilliliJ⁰t'i⁰⁵o⁴o⁶lli

690 5177 738 5230 slls
756 5186 819 5258 tuns
835 5178 953 5231 umbram
970 5179 1249 5261 quantulamcumque:
1299 5178 1332 5248 -Ι-
1334 5183 1367 5304 tq
1383 5129 1416 5246 -ῖ-
1434 5180 1466 5247 ‚⁷3
1484 5184 1533 5239 (=
1549 5184 1605 5247 lq).

690 5251 752 5299 tune
768 5246 812 5301 slli
826 5246 872 5315 qui
888 5245 962 5301 ultra
978 5246 1054 5301 slluns
1071 5248 1170 5313 locum,
1187 5265 1204 5301 s.
1225 5264 1247 5302 c.
1364 5244 1494 5315 auctius]
1513 5246 1619 5303 comm·
1636 5249 1660 5315 1,
1676 5251 1720 5315 20,
1733 5252 1777 5301 20.
