5092 6425
796 890 933 961 COMM.
954 890 999 959 IN
1019 887 1147 971 SOMN.
1167 886 1267 955 SCIP.
1311 889 1385 954 LIB.
1404 888 1428 952 1.
1472 887 1561 956 GAP.
1584 891 1638 957 IV.
1662 893 1700 960 V.
1791 894 1833 964 33

656 1083 735 1148 quas
757 1060 894 1126 Africani
917 1059 1073 1125 somnium
1097 1064 1252 1123 constaret
1271 1056 1395 1135 reterri,
1430 1059 1506 1123 etsi
1526 1057 1661 1145 Scipioni
1683 1081 1833 1131 convene·

656 1149 700 1213 rit
718 1147 791 1211 talia
811 1145 983 1222 somniare,
1013 1152 1045 1209 et
1065 1143 1103 1208 de
1129 1143 1259 1228 geminis
1283 1142 1395 1207 somnii
1416 1144 1514 1228 portis
1536 1166 1615 1229 quae
1635 1144 1729 1210 luerit
1747 1169 1765 1212 a
1783 1172 1834 1215 ve·

655 1233 778 1297 teribus
805 1250 949 1315 expressa
972 1228 1140 1304 sententia,
1175 1227 1338 1311 superbis
1364 1229 1508 1293 omnibus
1537 1230 1634 1314 ipsius
1661 1232 1773 1295 somnii
1796 1233 1834 1298 de

656 1338 724 1402 quo
746 1315 902 1400 loquimur
925 1321 1060 1378 mentem
1090 1313 1344 1398 propositumque
1365 1312 1553 1396 signavimus
1571 1321 1602 1378 et
1621 1323 1740 1400 partem
1757 1318 1834 1382 caeli

657 1401 819 1466 evidenter
839 1399 1061 1484 expressimus,
1096 1398 1129 1461 in
1153 1418 1214 1482 qua
1245 1396 1305 1460 sibi
1325 1396 1427 1480 Scipio
1448 1419 1503 1482 per
1527 1399 1663 1483 quictem
1687 1400 1762 1466 baec
1784 1403 1832 1467 vel

657 1486 772 1553 vidisse
795 1485 878 1550 visus
904 1491 952 1548 est
976 1483 1024 1548 vel
1050 1482 1172 1548 audisse
1204 1502 1283 1566 quae
1306 1481 1423 1545 retulit:
1457 1503 1539 1546 nunc
1561 1484 1621 1548 iam
1643 1485 1834 1552 discutienda

657 1570 748 1635 nobis
771 1577 843 1634 sunt
862 1569 958 1653 ipsius
981 1567 1094 1632 somnii
1117 1566 1224 1642 verba,
1260 1586 1323 1630 non
1346 1565 1465 1643 omnia,
1495 1567 1548 1631 sed
1570 1576 1606 1632 ut
1625 1591 1766 1655 quaeque
1788 1572 1832 1637 vi-

629 1720 633 1737 *
658 1656 816 1720 debuntur
838 1653 930 1737 digna
951 1652 1103 1737 quaesitu.
1156 1656 1204 1715 Ac
1224 1650 1322 1734 prima
1346 1651 1435 1715 nobis
1456 1652 1644 1717 tractandam
1667 1676 1700 1719 se
1720 1651 1862 1740 ingerit2

658 1761 730 1826 pars
753 1739 861 1803 iliade
881 1737 1032 1812 numeris,
1053 1737 1085 1800 in
1107 1755 1168 1819 qua
1191 1736 1233 1800 sic
1256 1735 1313 1799 ait:
1340 1737 1418 1802 Narn
1440 1757 1507 1800 enne
1527 1748 1608 1801 actas
1626 1750 1680 1803 tna
1700 1752 1832 1826 septenos

658 1826 747 1890 octies
771 1825 842 1888 sola's
875 1824 1036 1906 amfractus
1066 1821 1236 1907 reditusque
1266 1821 1457 1897 converterat,
1495 1821 1612 1908 duoque
1641 1825 1882 1903 binomine]

659 1930 789 1996 qnornrn
807 1919 929 1994 nterqnc
946 1907 1062 1993 plenus,
1085 1906 1160 1970 alter
1180 1906 1274 1968 altera
1295 1905 1331 1968 dc
1351 1927 1451 1980 conec,
1472 1905 1604 1984 labetur,
1629 1909 1759 1973 circuitu
1777 1931 1832 1974 nc·

658 1994 757 2058 tnrcli
772 2014 917 2057 summurn
936 1993 994 2056 tibi
1008 1991 1130 2075 patalen
1150 1990 1343 2074 confecerint,
1370 1991 1405 2055 in
1424 2002 1451 2054 te
1471 2012 1574 2055 unum
1587 2003 1674 2079 atque
1693 1995 1728 2057 in
1748 2004 1833 2059 tunm

658 2099 768 2141 nornen
788 2101 818 2142 se
838 2089 898 2141 toto
916 2087 1062 2142 convertet
1077 2076 1199 2140 obitas:
1225 2088 1252 2138 te
1270 2073 1414 2151 Senatus,
1432 2087 1459 2139 tc
1478 2097 1578 2140 omncs
1596 2077 1683 2153 boni,
1703 2089 1731 2142 te
1748 2080 1832 2157 socii,

658 2173 688 2227 tc
712 2163 814 2226 Latini
832 2162 1044 2227 intuebuntur:
1075 2171 1109 2224 tn
1126 2161 1187 2224 crab
1203 2181 1298 2236 nnnc,
1324 2161 1359 2223 in
1378 2181 1436 2246 qno
1455 2161 1571 2225 notatur
1588 2163 1716 2226 nmtntn
1734 2164 1833 2228 calm:

660 2269 712 2323 ac,
743 2267 782 2310 ne
802 2247 910 2322 multa,
939 2245 1066 2310 dictator
1086 2245 1322 2330 rempublicam
1343 2245 1504 2309 constituos
1568 2257 1653 2323 ortet‚
1683 2248 1714 2309 ai
1729 2249 1833 2333 inpias

659 2331 904 2427 propinquorum
935 2351 1043 2394 manns
1077 2330 1237 2427 effnpcrin·
1279 2328 1508 2393 Plenitudinem
1566 2330 1594 2394 ic
1627 2350 1689 2394 non
1720 2331 1862 2400 frustra3

662 2435 803 2478 numeris
825 2415 989 2498 adsignat‘
1018 2413 1175 2498 plenitudo
1197 2413 1280 2478 enim
1302 2413 1426 2498 proprie
1450 2413 1508 2478 nisi
1530 2413 1640 2479 divinis
1662 2415 1754 2480 rebus
1782 2437 1833 2480 su-

662 2499 830 2584 pernisque
854 2519 916 2563 non
943 2498 1095 2563 convenit.
1137 2500 1248 2583 Neque
1269 2498 1352 2562 enim
1371 2515 1482 2582 corpus
1500 2498 1623 2585 proprie
1644 2499 1768 2585 plenum
1788 2500 1833 2564 di·

662 2583 759 2658 xeris,
806 2583 869 2648 uod
910 2604 985 2647 uum
1008 2583 1056 2648 sui
1077 2583 1116 2648 sit
1137 2583 1290 2669 inpatiens
1311 2582 1480 2661 effluendo,
1507 2583 1599 2648 alieni
1621 2592 1669 2649 est
1685 2592 1833 2669 appetens

662 2606 842 2733 hauriendo.
887 2605 976 2746 buce
999 2668 1024 2732 si
1049 2668 1208 2733 metallicis
1233 2667 1413 2752 corporibus
1435 2689 1498 2732 non
1520 2688 1581 2734 usu
1598 2669 1741 2747 veniunt,
1770 2690 1833 2734 non

662 2761 767 2817 tamen
795 2754 883 2838 plena
914 2752 965 2816 illa
995 2752 1049 2817 sed
1068 2761 1154 2818 vasta
1180 2753 1308 2817 dicenda
1329 2759 1411 2818 sunt
1469 2754 1553 2818 Haec
1573 2760 1620 2817 est
1639 2754 1734 2838 igitur
1752 2755 1863 2818 com-4

663 2839 767 2902 munis
789 2858 991 2903 numerorum
1017 2837 1156 2902 omniurn
1186 2837 1362 2923 plenitudo,
1396 2837 1480 2922 quod
1507 2837 1684 2923 cogitationi
1706 2840 1834 2904 anobis

664 2922 702 2986 ad
722 2943 849 3007 superos
872 2922 987 2987 meanti
1008 2923 1142 2987 occurrit
1162 2923 1260 3007 prima
1281 2921 1428 3007 perfectio
1445 2922 1701 3009 incorporalitatis
1723 2922 1756 2987 in
1778 2946 1834 2989 nu·

663 3007 772 3072 meris:
812 3008 892 3072 inter
914 3007 998 3092 ipsos
1025 3015 1130 3072 tamon
1152 3007 1276 3093 proprie
1303 3006 1385 3093 pleni
1413 3014 1562 3072 vocantur
1586 3008 1755 3072 secundum
1778 3008 1835 3073 hos
1893 3037 1909 3052 .

663 3092 787 3168 modos,
814 3092 868 3176 qui
890 3091 1043 3177 praesenti
1063 3093 1207 3157 tractatui
1229 3090 1394 3156 necessarii
1413 3100 1501 3169 sunt,
1524 3092 1578 3177 qui
1598 3100 1652 3157 aut
1672 3093 1735 3158 vim
1755 3093 1835 3177 opti-

650 3185 742 3243 nent
760 3177 953 3243 vineulorum
981 3184 1035 3242 aut
1061 3197 1189 3263 corpora
1215 3197 1322 3242 rursus
1347 3174 1523 3242 efficiuntur
1548 3183 1602 3242 aut
1629 3197 1740 3262 corpus
1770 3177 1834 3242 effi·

665 3262 768 3335 ciunt,
803 3262 855 3326 sed
879 3282 990 3346 corpus
1018 3262 1100 3345 quod
1123 3262 1343 3347 intellegendo,
1380 3282 1443 3324 non
1464 3261 1639 3337 sentiendo,
1674 3261 1835 3344 concipias.

665 3348 782 3411 Totum
804 3345 875 3424 hoc,
900 3355 936 3411 ut
957 3347 1151 3411 obscuritatis
1173 3348 1355 3431 deprecetur
1376 3346 1539 3422 offensam,
1564 3346 1656 3429 paulo
1676 3344 1767 3408 altius
1787 3365 1835 3409 re·

666 3430 764 3516 petita
792 3451 895 3495 rerum
927 3431 994 3496 luce
1025 3431 1223 3516 pandendum
1253 3437 1309 3496 est.
1370 3428 1484 3494 Omnia
1515 3449 1643 3513 corpora
1674 3428 1865 3512 superficie5

666 3515 834 3595 liniuntur,
860 3522 892 3581 et
912 3514 944 3581 in
966 3515 1064 3604 ipsam
1083 3538 1191 3582 eorum
1209 3536 1280 3604 pars
1300 3513 1410 3581 ultima
1430 3513 1623 3580 terminatur.
1670 3512 1712 3579 Hi
1732 3520 1836 3580 autem

1459 3691 1543 3756 [Edd.
1563 3690 1768 3761 ricabgspdnb.

666 3780 693 3825 et
711 3774 735 3825 si
752 3774 871 3843 Scipioni
885 3776 1023 3829 BRiGbP
1042 3777 1098 3846 (hg
1118 3776 1146 3830 in
1164 3776 1236 3845 mg.)
1254 3776 1342 3842 „libri
1361 3794 1444 3830 monn
1463 3778 1580 3830 exarati.
1616 3778 1697 3844 Quod
1714 3778 1781 3845 quin
1801 3776 1840 3831 sil

666 3842 801 3907 auctoris,
813 3860 866 3894 non
886 3845 1013 3896 dubito.“
1033 3845 1119 3896 Gron.
1153 3856 1179 3898 ct
1193 3846 1312 3913 Scipioni
1330 3847 1354 3899 si
1372 3846 1403 3899 F.
1438 3854 1463 3899 et
1477 3846 1595 3913 Scipioni
1612 3848 1679 3910 (om.
1693 3848 1729 3911 si)
1750 3863 1768 3897 v
1780 3847 1839 3910 (RS

668 3926 730 3975 sup.
749 3909 842 3975 unde).
878 3918 902 3962 et
921 3929 975 3963 car
991 3914 1110 3980 Scipioni
1126 3912 1166 3963 i-n
1185 3914 1218 3978 (h
1238 3915 1328 3979 quur).
1351 3942 1378 3952 -
1397 3914 1545 3967 conveniret
1558 3914 1601 3963 Ra
1619 3913 1656 3979 (F
1669 3930 1686 3965 s
1699 3930 1755 3965 sec.
1775 3913 1838 3978 im).

668 3978 855 4045 cognoverit
873 3978 896 4028 F
914 3995 930 4031 a
946 3996 974 4045 p.
988 3997 1023 4034 m.
1043 4006 1073 4017 -
1091 3982 1176 4048 portis
1193 3981 1289 4032 somnii
1306 3982 1356 4032 Ra.
1372 4009 1409 4021 -
1426 3998 1444 4032 a
1461 3982 1591 4032 veteribus
1602 3982 1688 4045 suerit
1705 3980 1737 4031 F.
1751 4007 1786 4019 -
1799 3981 1839 4031 to·

668 4062 788 4111 qncrnur
806 4044 838 4094 F.
858 4073 892 4083 —
910 4048 1018 4098 audire
1036 4045 1067 4098 F.
1086 4073 1119 4085 —
1137 4056 1197 4100 aunt
1215 4049 1289 4099 nobis
1305 4047 1338 4099 F.
1355 4077 1390 4087 —
1413 4048 1459 4098 sed
1476 4064 1593 4113 quaeque
1611 4052 1680 4106 (om.
1697 4051 1740 4106 nt)
1760 4062 1787 4097 v.
1804 4072 1839 4084 -

668 4114 792 4179 quaesito
815 4113 901 4179 digna
925 4114 976 4164 Rl.
1129 4118 1154 4164 2.
1189 4116 1358 4167 tractandum
1381 4111 1741 4164 BFSPRmann’aassnn.
1780 4119 1840 4163 tra-

669 4180 774 4229 ctanda
791 4179 897 4231 Edd.G.
920 4207 954 4218 -
981 4180 1063 4248 Nam]
1084 4180 1179 4233 Somn.
1197 4181 1239 4245 ll,
1259 4186 1284 4232 2.
1310 4208 1338 4218 -
1365 4188 1533 4248 utpne'tunrn
1549 4185 1618 4239 (om.
1636 4180 1678 4239 in)
1697 4183 1740 4231 vl.
1764 4205 1791 4216 -
1816 4185 1842 4230 le

669 4246 750 4297 latini
768 4255 793 4298 tc
807 4248 871 4299 socii
887 4247 961 4300 Bne.
983 4275 1011 4285 -
1036 4256 1107 4300 tota
1124 4250 1239 4301 civitatis
1256 4248 1330 4299 salas
1348 4246 1447 4313 icahg3
1470 4254 1528 4298 totu
1543 4245 1598 4296 del.
1616 4246 1669 4296 Ha
1688 4272 1721 4285 -
1743 4243 1840 4311 impio·

668 4330 739 4364 rum
764 4313 816 4365 Ha.
967 4316 992 4365 3.
1028 4332 1063 4382 ap
1083 4323 1153 4367 etenr
1171 4324 1209 4369 est
1229 4315 1334 4382 R2v-g.
1358 4341 1385 4351 —
1409 4313 1536 4366 eveniant
1551 4329 1592 4363 rc.
1614 4340 1649 4351 —
1667 4319 1746 4364 casta
1763 4318 1841 4379 (sup.

669 4380 773 4443 solida)
792 4380 840 4430 1³4.
857 4408 891 4418 -
909 4389 970 4433 sunt
987 4397 1040 4432 om.
1061 4332 1133 4433 bun·
1287 4387 1312 4434 4.
1346 4382 1447 4453 tractui
1462 4379 1518 4431 BF.
1535 4407 1569 4417 -
1588 4386 1635 4432 ant
1652 4397 1762 4448 corpora
1779 4381 1842 4445 effi·
1862 4403 1872 4417 ·

669 4448 765 4500 ciunt
785 4454 833 4499 ant
855 4465 949 4516 corpus
969 4465 1062 4500 rursus
1087 4450 1202 4515 efficitur
1225 4447 1296 4501 Bes.
1320 4477 1355 4489 -
1385 4449 1537 4514 deprecetur
1559 4448 1685 4513 offensum
1707 4445 1843 4498 Bracae

668 4512 868 4566 Lino-Brenni.
903 4516 993 4580 „iibri
1015 4517 1156 4582 offensam.-
1185 4518 1258 4567 unde
1279 4516 1307 4567 in
1325 4513 1496 4567 Beroaldina
1520 4512 1718 4582 distinguitur,
1746 4513 1843 4566 nescio

668 4598 725 4647 quo
745 4598 842 4644 sensu,
862 4582 1028 4649 deprecetur.-
1049 4583 1176 4647 offensam
1190 4585 1303 4651 pnnlo.“
1320 4584 1405 4635 Gron.
1441 4582 1593 4648 deprecetur
1614 4583 1719 4648 offensa
1737 4580 1842 4633 Ss-bP.

669 4650 841 4718 depulsetcr
858 4651 964 4717 offensa
981 4649 1123 4718 vb-nga.
1222 4698 1224 4701 ,
1276 4654 1303 4704 b.
1335 4651 1431 4703 ultimo
1443 4665 1509 4716 porr
1523 4647 1555 4701 1⁴¹.
1572 4649 1654 4701 -lsii
1668 4650 1748 4702 enim
1767 4655 1843 4716 [sup.

704 4806 737 4871 V,
761 4810 785 4858 1.
820 4808 844 4859 ei
861 4807 980 4876 Scipioni
996 4806 1154 4874 convenerit]
1179 4807 1233 4871 „Si
1317 4808 1342 4857 3.
1379 4806 1522 4875 effluendo]
1554 4807 1616 4859 Hoc
1644 4807 1761 4859 verbum
1788 4821 1844 4858 non

670 4890 721 4940 pro
740 4892 783 4927 nn.
819 4874 881 4927 Hoc
900 4876 950 4926 lib.
968 4892 991 4927 c.
1005 4880 1037 4926 10
1056 4876 1081 4942 [§
1096 4874 1131 4941 5.]
1150 4876 1232 4937 dicus,
1284 4877 1428 4926 commode
1452 4876 1601 4942 respondet
1622 4876 1750 4942 sequenti
1773 4874 1844 4925 ban·

671 4943 700 4993 ai
722 4977 765 5060 ..ί
788 4950 999 5061 ευξεέἔῖιπαεύωῖ
1025 4947 1060 5061 1866
1078 4944 1235 5063 §cuppam-i
1280 4942 1575 5076 Zeffidossnpwm
1593 4944 1711 5010 efflando
1733 4942 1780 4994 vei
1801 4942 1845 5005 cf-

670 5026 815 5141 lgbbngcd.
832 5030 862 5127 lt
882 5076 907 5143 [ᾗ
926 5076 961 5144 7.]
981 5048 1011 5129 nl
1028 5029 1236 5144 pubercmnnei
1320 5079 1344 5128 4.
1380 5045 1530 5144 deprecetur
1551 5076 1690 5143 offensam]
1723 5074 1846 5126 Gronov.

671 5153 795 5198 versatur
813 5146 945 5196 caelum.“
969 5145 1060 5197 Gnorc.
1094 5145 1156 5195 Vid.
1178 5150 1236 5195 not.
1286 5144 1447 5195 observutd
1480 5146 1565 5195 necari
1582 5145 1704 5207 positum
1722 5154 1846 5204 esscpro

672 5211 752 5344 pdmp:
773 5215 819 5278 lt,
842 5213 899 5279 §t
920 5215 950 5264 et
966 5211 1001 5265 ad
1020 5213 1071 5265 lib.
1088 5213 1130 5278 11,
1152 5229 1176 5263 c.
1194 5216 1236 5278 16,
1287 5212 1442 5332 ppp'ppppatpt
1476 5204 1848 5277 omm.ll,15[§26.],ubi
1883 5232 1886 5238 ·

1688 5363 1717 5429 ‘b
