5092 6425
1189 872 1327 942 CAPUT
1348 876 1387 943 lt
1845 901 1904 946 xus

674 1059 746 1098 vero
766 1044 881 1098 omnino
902 1058 998 1098 verum
1020 1057 1160 1097 essenon
1179 1061 1281 1113 posse,
1302 1047 1495 1112 barthiumque
1512 1047 1658 1111 deceptura
1675 1060 1742 1100 esse
1762 1045 1903 1115 figmentis

674 1131 812 1199 Pontani,
829 1132 913 1183 cuius
931 1118 1018 1182 editio
1037 1131 1114 1194 prior
1132 1131 1161 1182 ln
1179 1133 1270 1182 lucem
1289 1131 1343 1182 iam
1361 1133 1506 1197 prodierat
1521 1147 1602 1196 quum
1621 1135 1691 1184 baec
1708 1131 1825 1197 scrip'sit
1842 1135 1902 1204 lile,

675 1218 808 1280 exposita
829 1217 1054 1289 saturnaliorum
1077 1219 1166 1266 forma
1189 1222 1273 1280 atque
1297 1217 1483 1279 dispositione
1504 1218 1590 1268 facile
1610 1217 1794 1282 intelligetur.
1845 1221 1902 1271 sed

675 1301 758 1351 etiam
777 1314 812 1351 ex
835 1302 872 1351 iis
895 1315 966 1365 qliae
984 1301 1065 1351 modo
1084 1301 1250 1363 protulimus
1273 1306 1352 1364 patet
1374 1303 1425 1351 bos
1446 1300 1710 1353 Commentariorum
1729 1303 1818 1354 libros
1834 1317 1902 1357 esse

676 1399 747 1448 opus
763 1387 875 1447 plenum
893 1392 978 1449 atque
994 1387 1166 1437 absolutum:
1186 1391 1271 1449 atque
1288 1385 1434 1449 utriusque
1452 1388 1546 1448 operis
1561 1389 1675 1438 formam
1693 1389 1756 1439 bnic
1776 1381 1901 1452 opinion'l

676 1473 778 1520 obesse
801 1471 864 1532 ipse
885 1471 954 1520 vidit
970 1471 1110 1521 Bartbiua
1145 1473 1199 1520 sed
1219 1471 1309 1534 magis
1328 1471 1410 1520 etiam
1430 1473 1581 1536 urgendum
1597 1478 1642 1522 est
1659 1473 1687 1521 in
1704 1475 1900 1525 Saturnalibus

672 1559 788 1618 praeter
802 1556 884 1618 primi
901 1556 967 1606 libri
986 1555 1186 1618 praefationem
1206 1568 1356 1621 nusquam,
1381 1559 1411 1605 nt
1429 1556 1457 1605 ie
1475 1557 1518 1606 bis
1536 1557 1630 1620 libris,
1653 1570 1707 1607 suo
1726 1559 1837 1609 nomine
1855 1559 1900 1608 lo-

673 1641 719 1704 qui
737 1641 931 1708 macrobium,
965 1652 1056 1703 neque
1079 1640 1107 1689 in
1125 1639 1210 1689 ullius
1236 1640 1301 1690 libri
1326 1640 1463 1703 principio
1489 1641 1548 1708 sic,
1580 1647 1610 1692 ut
1633 1641 1662 1690 ln
1687 1640 1899 1694 Commentariis

672 1727 755 1776 nodo
775 1726 960 1790 ostendimus,
977 1725 1083 1788 alloqui
1099 1725 1279 1775 Eristacbinm
1298 1722 1394 1775 filium.
1446 1725 1559 1776 Minime
1585 1706 1664 1776 vero'
1681 1727 1752 1777 banc
1773 1728 1900 1791 disputa·

672 1811 777 1861 tionem
796 1813 831 1861 de
851 1809 1001 1861 Ciceronis
1019 1810 1133 1859 somnio
1151 1809 1293 1872 Scipionis
1313 1810 1339 1859 in
1360 1811 1556 1861 Saturnalibus
1575 1810 1664 1861 tuisse
1686 1812 1807 1874 positam
1833 1816 1899 1863 ante

672 1907 707 1947 ea
733 1909 807 1959 quse
833 1896 871 1946 ibi
892 1895 1071 1946 disseruntur
1093 1896 1127 1944 de
1146 1897 1263 1944 Marone
1284 1894 1312 1958 ⁷)
1335 1899 1413 1956 patet
1439 1908 1473 1945 ex
1497 1895 1533 1945 iis
1557 1908 1629 1959 quae
1651 1895 1771 1959 legimus
1794 1899 1853 1947 sat.
1875 1898 1898 1964 l,

672 1972 719 2045 tt,
743 1982 800 2030 ib:
837 1979 881 2031 De
902 1979 1064 2042 Cicerone,
1088 1979 1240 2047 livangete',
1260 1979 1305 2046 qui
1322 1980 1447 2030 conuiciis
1464 1980 1663 2045 inpenetrabilis
1679 1987 1733 2044 est,
1756 1988 1832 2048 post
1849 1981 1898 2032 oi-

672 2063 836 2114 debimus:
870 2080 969 2126 nunc,
1002 2062 1126 2130 quiade
1151 2063 1288 2114 Marone
1310 2064 1613 2132 nobisaegotiura‘est,
1646 2067 1805 2132 respondeas
1827 2065 1897 2131 uolo,

671 2157 762 2199 utrum
783 2156 878 2215 poetae
898 2148 978 2199 buius
1001 2162 1083 2215 opera
1105 2147 1274 2198 instituendis
1295 2156 1399 2199 tontum
1420 2149 1511 2215 pueris
1533 2148 1629 2225 idonea
1650 2149 1759 2214 iudices,
1785 2166 1822 2200 an
1839 2150 1897 2200 aiio

672 2232 730 2282 illie
748 2233 846 2283 altiora
863 2232 946 2296 inesse
957 2233 1090 2296 fatearis,
1121 2245 1192 2294 quae
1213 2233 1332 2283 forsitan
1351 2234 1413 2296 quis
1431 2232 1587 2283 adbibuerit
1602 2234 1637 2286 ad
1655 2235 1896 2287 demonstrandum

674 2317 704 2365 in
723 2317 914 2367 Saturnalibus
934 2319 967 2366 de
987 2316 1126 2367 Cicerone
1144 2317 1235 2366 luisse
1252 2330 1418 2368 sermonem.
1468 2317 1606 2367 Aletium
1625 2323 1709 2380 atque
1727 2319 1810 2369 etiam
1828 2332 1899 2369 con·

675 2401 771 2465 tendo,
790 2401 867 2451 nisus
884 2387 1063 2463 inprimis'iis
1082 2414 1153 2464 quae
1164 2401 1327 2451 Macrobius
1347 2404 1381 2451 de
1399 2402 1575 2452 sermonibus
1593 2414 1611 2451 a
1622 2402 1749 2466 singulis
1767 2403 1897 2454 convivis

671 2487 807 2539 habendis
824 2485 967 2548 praemisit
984 2487 1048 2552 ibid,
1066 2486 1124 2553 §16
1139 2500 1211 2550 sqq„
1230 2487 1302 2537 tales
1320 2487 1535 2537 commentarios
1549 2487 1578 2536 in
1589 2487 1811 2538 saturnaliorum
1828 2501 1899 2539 con-

669 2570 762 2621 silium
781 2584 837 2621 non
857 2572 978 2634 intrare,
1006 2577 1051 2635 et,
1084 2569 1109 2620 si
1129 2571 1193 2634 quid
1211 2571 1349 2630 eiusmodi
1367 2584 1401 2620 ex
1421 2570 1479 2620 iltis
1497 2572 1592 2622 verbis
1611 2573 1895 2642 concludendorum,

668 2656 696 2706 id
714 2670 792 2719 esse,
808 2661 840 2707 ut
856 2660 1013 2706 statuamus
1031 2657 1203 2706 Macroblum
1221 2655 1337 2706 similem
1355 2657 1389 2705 de
1408 2654 1548 2708 Cicerone
1567 2669 1735 2719 componere
1753 2659 1895 2722 dialogum

668 2742 696 2791 ia
714 2741 808 2790 animo
827 2740 974 2807 babuisse,
1007 2745 1109 2803 postea
1127 2754 1196 2791 vero
1224 2742 1275 2795 bos
1298 2740 1433 2791 maluisse
1455 2742 1639 2793 conscribere
1660 2744 1893 2808 commentarios3

670 2827 742 2889 quod
766 2825 792 2875 si
822 2836 918 2876 verum
940 2831 999 2890 est,
1033 2830 1099 2888 post
1120 2825 1283 2877 Saturnalia
1309 2826 1408 2890 scripti
1436 2839 1503 2877 esse
1531 2827 1644 2890 putandi
1671 2832 1738 2878 sunt
1763 2828 1791 2877 bi
1818 2841 1895 2878 com-

669 2910 806 2962 mentarii.

733 2997 770 3067 ll.
810 2995 849 3046 De
866 2994 1022 3061 differentiis
1038 3002 1065 3046 et
1079 2994 1246 3047 societatibus
1266 2994 1363 3046 Graeci
1382 2994 1525 3063 Latinique
1542 2997 1614 3047 uerbi
1630 2996 1705 3047 tiber.
1747 2994 1770 3046 i.
1804 2994 1894 3046 liuius

667 3081 730 3143 libri
747 3086 865 3132 exstant
883 3082 1070 3131 tantummodo
1088 3086 1223 3143 excerpta
1240 3081 1385 3143 qrraedam.

694 3229 702 3242 .
735 3171 768 3226 a)
784 3167 926 3228 Excerpta
942 3178 1013 3229 quae
1033 3165 1061 3216 in
1078 3166 1203 3217 omnibus
1219 3167 1425 3228 exemplaribus
1446 3164 1508 3217 lude
1525 3177 1542 3216 a
1557 3165 1685 3217 Pontano
1704 3163 1892 3231 (mcxcvn)

668 3252 752 3302 editis
768 3252 903 3314 leguntur
920 3252 953 3300 ab
970 3250 1156 3314 Opsopoeo
1174 3252 1288 3313 primum
1301 3265 1327 3302 a.
1340 3252 1564 3310 bibbllllxvlll
1582 3251 1657 3302 edita
1672 3254 1738 3301 siunt
1756 3250 1785 3301 in
1800 3251 1893 3300 lucem

667 3336 804 3387 ecodiee
822 3335 1012 3401 Parisino,
1035 3336 1158 3398 quierat
1176 3337 1270 3396 Petri
1289 3336 1453 3386 l‘ittboei.

737 3422 769 3478 b)
786 3420 849 3485 Alia
865 3426 1000 3481 excerpta
1018 3434 1033 3470 e
1050 3421 1149 3471 codice
1168 3421 1312 3485 ltobiensi,
1331 3433 1404 3470 nunc
1424 3416 1699 3470 vindobonensi
1717 3416 1822 3482 (xvi),
1841 3430 1894 3468 ou·

668 3519 717 3568 per
740 3506 888 3555 ediderunt
913 3506 1084 3568 losepbus
1102 3507 1140 3555 ab
1160 3505 1366 3555 Eichenfeld
1389 3508 1419 3553 et
1440 3502 1639 3564 stephanus
1656 3500 1842 3552 llndlicber
1863 3501 1892 3552 in

667 3590 814 3640 analectis
833 3589 1034 3656 grammaticis,
1048 3588 1205 3642 Vindobon.
1224 3585 1489 3640 mccccxxxvll
1509 3587 1537 3638 ln
1559 3586 1600 3636 4⁰.
1617 3599 1643 3649 p.
1662 3584 1807 3652 led-19³,
1826 3592 1894 3637 tan-

667 3676 807 3726 tummodo
826 3676 861 3724 sd
879 3675 1023 3725 duodecim
1040 3676 1127 3737 prlma
1145 3676 1223 3725 etad
1241 3676 1364 3726 ultimum
1380 3687 1477 3726 eoru·
1494 3673 1616 3735 capitum
1634 3684 1706 3736 quae
1727 3672 1756 3722 in
1772 3685 1893 3735 excerp·

664 3761 701 3811 tls
719 3759 859 3810 Parisinis
878 3759 1088 3824 distinguuntur
1103 3761 1289 3825 pertinentia,
1324 3761 1353 3810 ln
1371 3760 1471 3824 quibus
1487 3761 1578 3821 tamen
1597 3757 1733 3807 nonnulla
1746 3756 1892 3808 continent

664 3844 783 3909 quaein
802 3844 852 3893 illc
869 3850 935 3894 sunt
954 3846 1076 3907 omissa,
1101 3844 1165 3895 ideo
1184 3839 1349 3907 praesertin
1368 3845 1442 3908 quod
1458 3842 1505 3908 qni
1520 3843 1590 3894 haec
1607 3845 1743 3904 excerpta
1758 3842 1892 3907 confecit,

663 3930 757 3994 uagis
775 3930 811 3978 ad
830 3928 957 3978 Latinam
975 3929 1113 3993 linguam,
1131 3930 1177 3992 qni
1200 3929 1346 3998 Parisios,
1368 3929 1402 3980 sd
1421 3925 1667 3994 Graeca-'magis
1682 3925 1811 3988 respexit
1828 3926 1867 3991 ο).

730 4017 762 4073 c)
776 4014 860 4082 aliud
882 3999 1058 4079 eucerptum,
1077 4016 1127 4063 sed
1146 4014 1289 4077 exiguum,
1309 4013 1345 4065 ad
1364 4019 1449 4075 capot
1470 4017 1574 4064 tantun
1592 3999 1812 4078 lvipsrtineos,
1831 4011 1892 4062 edl-

662 4103 717 4150 tum
736 4104 835 4148 estex
849 4099 948 4148 eodem
968 4098 1017 4149 ilio
1035 4099 1133 4148 codiee
1152 4098 1180 4148 in
1199 4098 1298 4148 lisdem
1317 4095 1463 4148 analectis
1480 4112 1506 4159 p.
1524 4094 1584 4145 tet.

729 4184 761 4241 d)
783 4182 847 4232 Alia
865 4184 1011 4252 etiamnum
1031 4185 1121 4233 adbuc
1137 4183 1243 4234 inedita
1261 4186 1396 4244 excerpta
1415 4191 1451 4230 cx
1469 4180 1522 4230 boo
1540 4178 1629 4242 libro,
1664 4176 1691 4226 ln
1715 4167 1814 4238 quibus
1839 4191 1891 4228 ex-

661 4272 779 4329 cerptor
797 4267 897 4317 balina
915 4267 1024 4329 prolixe
1045 4273 1074 4317 et
1091 4269 1178 4318 terme
1200 4267 1283 4318 unice
1307 4268 1506 4328 persequatur,
1539 4261 1671 4314 dicuntur
1691 4261 1837 4311 asservari
1861 4262 1889 4313 in

660 4351 880 4408 bibliotheca
905 4353 1106 4403 borbonlca
1137 4352 1256 4415 Neapoli
1284 4350 1354 4415 (vid.
1372 4348 1491 4399 lannelli
1510 4348 1601 4399 catal.
1622 4346 1686 4397 bibl.
1712 4343 1889 4400 Borbonicae

662 4525 1072 4537 ——-—-........

658 4639 742 4692 libris
761 4640 884 4693 inventis
903 4659 971 4709 opus
991 4644 1055 4709 crit,
1074 4649 1104 4694 ut
1122 4641 1145 4693 is
1163 4646 1263 4693 auctor
1282 4640 1449 4691 concilietur
1466 4636 1557 4688 ordini
1577 4653 1638 4701 sno,
1656 4654 1725 4703 quos
1745 4636 1888 4703 inquirere

658 4710 795 4761 adhortor
811 4710 914 4775 quibus
931 4712 1030 4763 talium
1050 4712 1130 4778 copie
1149 4718 1207 4762 est:
1234 4710 1314 4761 utilis
1335 4709 1408 4759 enim
1429 4717 1473 4759 est
1498 4706 1635 4773 scriptor,
1655 4706 1816 4770 quamlibet
1833 4706 1887 4755 uli-

657 4792 738 4828 erun
755 4786 921 4843 excerptor:
951 4797 1014 4831 cusu
1032 4780 1074 4832 sic
1094 4780 1179 4841 etiam
1206 4796 1260 4829 nun
1282 4794 1440 4845 peucenos
1464 4778 1562 4828 doceat
1581 4773 1685 4826 nullibi
1708 4774 1887 4840 antiquitatis

657 4844 728 4897 alibi
746 4846 916 4898 erstantia.“
998 4897 1004 4906 ,

656 4955 660 4963 .
727 4913 757 4973 ²)
777 4913 807 4964 ll
825 4915 1002 4972 statuendum
1024 4921 1080 4978 est,
1099 4915 1138 4976 si,
1154 4920 1185 4965 ut
1202 4914 1263 4965 vult
1281 4912 1417 4964 Boethius
1437 4912 1470 4963 ad
1491 4911 1637 4962 Clondico.
1656 4910 1675 4960 l.
1691 4926 1731 4969 c.‚
1750 4908 1823 4970 inter
1841 4925 1887 4957 se·

656 4981 777 5033 candum
790 4989 820 5032 et
835 4983 949 5036 tertium
961 4983 1186 5035 Saturnaliornm
1200 4982 1308 5040 librum
1328 4982 1380 5031 hos
1394 4980 1615 5031 Commentarios
1633 4995 1712 5029 suum
1728 4979 1817 5027 locum
1836 4975 1886 5025 lra-

656 5048 753 5102 baisse
770 5050 912 5115 ponimns:
930 5068 1014 5119 qnam
1036 5068 1098 5103 uum
1115 5051 1251 5102 Barthius
1268 5050 1330 5116 ipse
1347 5050 1403 5100 sibi
1420 5066 1472 5099 nos
1491 5053 1600 5099 constat
1617 5054 1645 5098 et
1661 5046 1742 5097 modo
1763 5044 1887 5108 loquitur

655 5117 690 5169 de
708 5118 794 5170 tertio
810 5119 897 5184 libro,
915 5120 997 5170 mode
1035 5120 1231 5184 etertiodie,
1252 5134 1325 5185 qnae
1344 5117 1417 5167 ratio
1434 5117 1574 5183 posterior
1593 5115 1678 5166 etiam
1698 5112 1884 5179 permitteret,

655 5191 687 5236 nt
703 5184 932 5239 saturnaliorum
951 5186 1235 5239 tini-adnecterentnr
1253 5186 1285 5237 lri
1303 5184 1513 5237 commentarii.
1814 5182 1817 5188 “
1839 5240 1846 5254 ·

723 5255 752 5314 ⁸)
771 5254 852 5306 llaec
869 5263 1000 5321 excerpta
1017 5255 1157 5308 Parisiois
1172 5255 1291 5307 meliora
1305 5270 1368 5305 esse
1393 5252 1494 5303 statuit
1509 5248 1682 5301 Baehrius
1699 5247 1796 5296 Roem.
1815 5240 1884 5320 bit.-

656 5319 760 5375 Gesch.
776 5323 834 5376 rol.
853 5323 904 5387 lll,
922 5342 948 5392 p.
967 5328 1037 5389 602„
1054 5330 1082 5377 et
1098 5322 1344 5392 anal-uncycm.
1364 5321 1450 5372 class.
1466 5319 1521 5371 alc
1539 5316 1622 5370 Wiss.
1640 5331 1663 5366 s.
1678 5330 1706 5364 r.
1725 5310 1882 5361 Macrobius.
