5092 6425
733 869 795 938 126
1215 864 1425 933 MACROBII

682 1041 806 1111 attere
827 1036 997 1114 diceretur,
1031 1034 1056 1100 si
1078 1035 1107 1105 ei
1133 1056 1256 1121 semper
1282 1042 1388 1101 tenere
1414 1033 1558 1101 licuisset
1601 1033 1661 1100 Sed
1684 1036 1759 1121 quid
1780 1038 1904 1116 mirum,

733 1124 909 1195 sissimus
935 1123 974 1188 de
1001 1119 1058 1186 baa
1083 1121 1208 1207 regione
1234 1143 1297 1187 non
1322 1129 1454 1199 constat,
1487 1142 1558 1186 cum
1586 1142 1644 1186 nec
1667 1123 1791 1208 corpori
1813 1125 1906 1189 labri·

733 1211 832 1279 cando
853 1210 918 1277 sols
938 1205 1114 1273 suffecerit?
1157 1209 1236 1275 Nsm
1258 1207 1331 1307 quis
1351 1217 1431 1273 terra
1459 1227 1539 1294 aquo
1561 1213 1594 1271 et
1613 1229 1667 1273 ser
1693 1208 1771 1273 inlra
1800 1209 1906 1275 lunam

733 1307 821 1377 sunt,
854 1317 894 1361 ex
914 1293 962 1359 bis
982 1292 1056 1357 solis
1078 1312 1190 1379 corpus
1213 1293 1281 1359 lien
1303 1315 1365 1359 non
1386 1292 1501 1379 potuit,
1536 1293 1618 1378 quod
1648 1293 1796 1360 idoneum
1824 1304 1907 1362 esset

733 1384 773 1451 sd
800 1384 910 1450 sitam:
948 1376 1003 1445 sed
1029 1398 1108 1464 opus
1135 1377 1194 1444 luit
1220 1378 1373 1465 praesidio
1401 1377 1480 1465 ignis
1509 1378 1651 1455 aetherii,
1690 1381 1743 1466 qui
1773 1383 1906 1448 terrenis

734 1468 882 1536 membris
900 1465 994 1531 sitam
1017 1472 1049 1529 et
1074 1463 1207 1530 animem
1236 1464 1409 1530 sustinendi
1435 1463 1644 1531 commodaret
1665 1465 1817 1551 vigorem,
1852 1468 1906 1554 qui

683 1554 859 1623 dbsitalem
886 1551 1020 1616 calorem
1051 1556 1082 1614 et
1108 1548 1220 1617 laceret
1247 1560 1279 1616 et
1306 1550 1407 1616 lerret
1454 1550 1539 1616 Haec
1567 1551 1663 1616 etde
1690 1573 1761 1618 aere
1789 1554 1906 1619 dixisse

734 1638 892 1706 nossetis
919 1636 968 1701 sit
1016 1637 1140 1714 Restat,
1174 1645 1210 1703 ut
1235 1635 1273 1702 de
1299 1645 1397 1715 terra,
1430 1657 1509 1722 quae
1534 1636 1732 1721 sphaerarum
1762 1660 1846 1704 nona
1873 1648 1906 1704 et

734 1725 842 1793 mundi
860 1722 969 1790 ultima
990 1730 1047 1801 est,
1066 1721 1151 1787 dictu
1171 1724 1341 1788 necessaria
1360 1723 1555 1789 disseramus.

682 1829 754 1903 [tlt]
818 1809 920 1876 xle
961 1806 1040 1875 Itan
1061 1830 1105 1886 ea,
1125 1830 1201 1897 qaae
1223 1820 1265 1874 cst
1281 1809 1380 1874 media
1401 1821 1429 1874 et
1447 1831 1538 1884 aona,
1560 1807 1652 1886 tellas,
1677 1806 1787 1894 inquit,
1807 1831 1904 1896 nepae

731 1908 879 1973 mosam,
913 1904 941 1958 et
959 1893 1063 1980 infima
1082 1905 1137 1972 est,
1173 1906 1200 1961 st
1219 1896 1254 1961 in
1276 1917 1340 1960 eam
1365 1897 1508 1981 feramur
1527 1894 1630 1958 omnen
1650 1906 1727 1958 nata
1748 1917 1803 1959 sno
1825 1918 1903 1972 pon·

702 1982 816 2052 uana.
857 1979 932 2047 lllss
959 1999 1030 2046 sess
1058 1978 1237 2047 insolubiles
1261 2002 1371 2046 causae
1396 1988 1484 2057 sunt,
1516 2000 1595 2065 quae
1623 1979 1741 2044 mutuis
1769 1973 1904 2045 invicem

734 2068 866 2134 nexibus
891 2064 1085 2145 vinciuntur,
1114 2073 1161 2146 st,
1194 2065 1268 2133 dum
1295 2068 1391 2132 altera
1412 2067 1539 2131 alteram
1559 2064 1631 2130 lacit
1650 2085 1685 2129 sc
1708 2063 1842 2130 vicissim
1866 2066 1904 2131 de

733 2175 767 2221 se
789 2158 972 2229 nascuntur,
1009 2162 1179 2239 numquam
1201 2174 1219 2219 a
1240 2153 1388 2219 naturalis
1413 2150 1568 2218 societatis
1595 2150 1787 2236 amplexibus
1816 2173 1905 2236 sepa·

733 2247 850 2306 rantur.
892 2236 980 2303 Tslis
1010 2246 1084 2304 sunt
1113 2238 1247 2316 vinculo,
1288 2239 1401 2326 quibus
1431 2245 1543 2304 terram
1570 2245 1680 2301 natura
1709 2236 1904 2303 constrinxit

732 2328 812 2394 Nam
835 2324 904 2390 ideo
924 2322 957 2387 in
976 2344 1046 2391 cam
1070 2322 1213 2391 leruntur
1236 2325 1356 2403 omnis,
1391 2324 1463 2411 quia
1481 2331 1517 2388 ut
1540 2322 1639 2387 medis
1659 2343 1722 2387 non
1744 2331 1903 2389 moretur:

733 2412 803 2477 ideo
823 2432 887 2476 non
909 2418 1065 2488 movetur,
1087 2411 1161 2496 quis
1185 2410 1291 2476 inlima
1312 2419 1372 2477 est:
1399 2431 1456 2475 nec
1497 2416 1596 2474 oterst
1615 2407 1721 2472 infima
1744 2429 1807 2473 non
1827 2430 1904 2487 esse,

734 2497 766 2561 in
791 2516 883 2582 quam
911 2494 1016 2561 omnis
1042 2493 1192 2561 laruatus.
1239 2498 1360 2562 Horum
1386 2431 1519 2581 singnis,
1551 2515 1630 2581 quae
1658 2493 1904 2578 inseparabiliter

704 2581 871 2646 dinsolnta
892 2599 997 2644 rerum
1020 2580 1052 2644 in
1072 2599 1106 2644 ss
1126 2582 1291 2647 necessitas
1319 2581 1434 2658 iunxit,
1467 2587 1614 2645 tractatus
1641 2579 1791 2665 expediat
1833 2582 1904 2647 Non

733 2677 881 2740 movetur,
911 2662 964 2730 sit.
1007 2666 1065 2731 Est
1085 2665 1168 2730 enim
1190 2674 1333 2731 centron:
1370 2667 1402 2733 in
1425 2666 1555 2752 sphaera
1581 2675 1684 2731 autem
1704 2665 1805 2730 solum
1831 2686 1903 2731 een·

732 2759 803 2815 tron
826 2749 960 2814 diximus
981 2771 1044 2816 non
1066 2751 1198 2829 moseri,
1230 2753 1303 2839 quia
1326 2773 1450 2818 necessa
1469 2760 1530 2830 est,
1561 2760 1597 2817 ut
1616 2751 1695 2816 circa
1717 2751 1834 2838 aliquid
1856 2751 1904 2816 in-

704 2835 847 2901 lmobile
870 2833 998 2919 sphaera
1021 2843 1189 2911 moveatur.
1236 2837 1372 2902 Adiecit:
1403 2839 1507 2925 infima
1528 2851 1577 2903 est.
1619 2838 1715 2902 Recte
1738 2835 1797 2901 boc
1825 2858 1903 2923 quo-

733 2942 804 3008 que.
845 2921 924 2987 Nam
947 2920 1030 3006 quod
1058 2928 1185 2988 centron
1208 2931 1255 2988 est
1280 2923 1416 2990 medium
1438 2932 1499 2997 est;
1535 2924 1567 2988 in
1589 2922 1719 3008 sphaera
1745 2943 1820 2988 sero
1843 2923 1903 2988 hoc

733 3008 833 3074 solum
855 3014 976 3072 constat
1001 3006 1098 3073 imum
1118 3029 1186 3074 esse
1210 3010 1294 3097 quod
1317 3010 1452 3077 medium
1473 3017 1529 3075 est
1570 3008 1659 3075 Etsi
1681 3009 1742 3074 ima
1764 3016 1827 3088 est,
1856 3030 1903 3076 se·

799 3194 869 3247 lllss·
891 3191 1118 3259 nauseasse]

731 3276 1028 3348 r-guolotrsusn.
1067 3282 1176 3335 remittit
1195 3288 1264 3343 (om.
1282 3287 1321 3342 et]
1345 3281 1401 3333 FP.
1442 3282 1542 3333 etiarn
1560 3282 1670 3334 rensittit
1688 3281 1746 3332 s·b.

730 3351 773 3400 86.
807 3349 913 3400 animas
935 3354 1012 3416 (sup.
1031 3350 1074 3401 ael
1091 3351 1198 3410 anima)
1218 3351 1268 3401 82.
1317 3351 1413 3402 anina
1433 3348 1772 3411 turnacensium
1803 3376 1832 3387 -
1863 3367 1903 3403 ns

730 3418 834 3485 corpori
850 3415 883 3467 F.
910 3444 945 3457 -
973 3417 1085 3471 aetherii
1106 3418 1256 3471 CFRlGO.
1291 3418 1415 3471 aetherei
1436 3416 1666 3469 narrassem.
1682 3445 1722 3485 ¹-
1753 3419 1903 3470 sustinendi

730 3490 805 3550 (sup.
825 3486 867 3535 sel
885 3486 1086 3547 subsistendi)
1103 3487 1155 3537 Rl.
1195 3486 1380 3539 subsistendi
1397 3490 1473 3553 (sup.
1492 3487 1533 3537 sel
1554 3485 1714 3545 sustinendi)
1733 3484 1763 3536 0.
1791 3512 1826 3525 -
1854 3487 1901 3537 ai-

731 3549 832 3605 tnlens
849 3554 967 3621 vigorem
986 3553 1037 3603 tit.
1062 3582 1097 3594 -
1118 3563 1143 3607 et
1155 3558 1242 3621 serrat
1256 3562 1282 3607 et
1291 3558 1396 3621 sotera
1415 3552 1447 3604 F.
1597 3558 1641 3606 36.
1676 3570 1724 3605 aas
1740 3553 1840 3606 dixisse
1855 3572 1901 3606 sss-

730 3621 765 3672 tis
782 3620 818 3670 sit
835 3618 865 3669 F.
901 3621 999 3671 disisse
1016 3623 1174 3686 sufficiat
1194 3621 1227 3674 B.
1489 3644 1492 3650 ·

799 3684 888 3737 xxll.
928 3688 965 3739 Ca
985 3695 1014 3739 at
1032 3688 1122 3741 xxm
1162 3692 1244 3743 'l'esra
1298 3688 1365 3740 ede
1382 3706 1464 3741 sassa
1482 3687 1686 3749 innubilant,
1718 3695 1743 3739 et
1763 3689 1852 3740 omnia
1872 3689 1901 3740 iss

730 3768 790 3804 sans
806 3768 854 3804 soa
871 3760 938 3804 nata
971 3762 1080 3806 mantas
1116 3759 1222 3810 andern.
1245 3773 1261 3808 o
1283 3757 1326 3808 -b.
1479 3760 1501 3806 l.
1540 3756 1621 3821 Nam]
1642 3755 1736 3807 Sarna.
1751 3756 1803 3820 lV,
1821 3762 1846 3808 2.
1866 3785 1900 3795 -

729 3826 756 3872 st
773 3820 877 3871 insons
900 3819 1096 3889 FSlllli-ngls
1125 3824 1225 3877 mlius.
1248 3823 1342 3876 Sama.
1361 3823 1381 3874 l.
1402 3840 1424 3873 e.
1447 3823 1515 3874 Mss.
1533 3831 1562 3874 et
1579 3822 1649 3874 aad.
1698 3823 1725 3874 in
1747 3840 1805 3875 easn
1831 3831 1900 3885 (om.

729 3891 770 3950 st)
791 3886 1035 3942 llCllles·bP0·
1187 3896 1213 3943 ὓ.
1248 3910 1310 3943 sere
1331 3890 1504 3944 assatur.
1543 3907 1608 3942 aero
1634 3891 1900 3957 g-scssttsauso.

731 3981 763 3996 -
781 3955 894 4008 alterans
911 3957 997 4038 alteras
1013 3956 1064 4009 Rs.
1085 3986 1121 4041 -.
1138 3960 1150 4011 i
1155 3967 1190 4041 ta
1203 3960 1318 4013 siaississ
1336 3961 1416 4042 mgb
1437 3986 1471 3998 -
1494 3966 1528 4011 at
1543 3976 1686 4026 nampsans
1763 3976 1900 4028 separen-

728 4025 1032 4159 astruelda:
1050 4026 1140 4147 tttr
1154 4026 1834 4164 „tlt'tt‘tttgttlt'tbtttt‚·tultos
1847 4033 1900 4148 t:

729 4178 792 4213 men
810 4164 894 4232 longe
911 4162 1065 4233 gratiorem
1084 4162 1174 4215 elficit
1191 4164 1375 4217 orstlonesa.“
1396 4165 1481 4215 Zeun.
1498 4190 1531 4202 -
1550 4164 1611 4213 ideo
1628 4172 1737 4215 antem
1756 4182 1809 4214 non
1828 4164 1900 4214 Fs-b

729 4230 760 4282 P.
779 4259 812 4270 -
827 4231 856 4284 in
872 4249 929 4300 qua
946 4231 980 4283 G.
999 4261 1032 4270 -
1053 4235 1194 4285 necessitas
1213 4234 1240 4284 in
1260 4250 1288 4285 se
1305 4249 1365 4300 s-g.
1382 4257 1418 4272 -·
1437 4231 1530 4283 sinsit
1547 4229 1717 4281 natatem
1738 4231 1781 4292 (in
1801 4231 1824 4282 B
1844 4249 1898 4283 non

729 4298 828 4366 liquet,
847 4307 940 4352 utrum
958 4299 997 4353 sit
1012 4301 1040 4352 si
1057 4315 1092 4353 sn
1110 4302 1161 4361 is).
1179 4309 1331 4353 -tractas
1350 4303 1391 4351 sl.
1411 4326 1444 4337 -
1461 4299 1590 4366 expediet
1606 4296 1636 4349 G.
1777 4304 1803 4350 3.
1839 4318 1900 4351 sen-

728 4369 812 4418 tsssss*
825 4367 875 4417 82.
900 4392 933 4407 -
957 4368 1083 4435 dirimas]
1104 4386 1127 4419 a.
1150 4374 1194 4433 ts,
1221 4368 1234 4434 ᾗ
1256 4374 1295 4420 ll.
1316 4396 1348 4407 -
1373 4368 1487 4421 dirimas
1503 4384 1556 4418 non
1571 4367 1671 4418 novat
1690 4365 1773 4418 solans
1792 4376 1900 4420 centron

727 4431 760 4482 F.
793 4433 879 4484 solans
895 4441 1019 4485 centrum
1037 4436 1090 4487 dis.
1109 4455 1162 4488 nan
1179 4454 1247 4488 mos.
1269 4436 1344 4489 ΟΜ.
1496 4437 1521 4485 4.
1562 4441 1591 4486 et
1609 4435 1702 4500 infima
1721 4443 1760 4487 est
1782 4433 1838 4485 FP.
1864 4464 1899 4475 —

727 4499 806 4550 baec
822 4515 924 4567 qaoque
940 4499 972 4551 F.
991 4527 1025 4538 —
1047 4512 1173 4557 cerstsnns
1190 4513 1228 4557 est
1246 4507 1297 4556 ut.
1333 4510 1371 4556 est
1388 4509 1512 4553 centron
1532 4502 1583 4552 Βῆ.
1600 4531 1634 4539 -
1652 4518 1708 4553 esse
1726 4504 1809 4553 inssns
1826 4502 1898 4553 als-b

728 4563 800 4617 Pul.
835 4566 915 4620 imant
934 4573 1002 4630 (am.
1023 4576 1090 4631 esse)
1110 4572 1140 4623 B.
1177 4590 1267 4625 unum
1287 4590 1342 4625 essa
1360 4577 1435 4638 (sup.
1454 4570 1495 4621 ⁹⁶¹
1514 4570 1609 4629 imm]
1627 4569 1679 4620 Rs.
1709 4597 1740 4607 -·
1768 4571 1792 4620 ⁸5
1808 4578 1898 4622 lma

727 4746 824 4784 soram
845 4731 941 4804 erigas
975 4743 1006 4791 at
1029 4740 1125 4791 nullos
1147 4740 1207 4792 aad.
1232 4739 1286 4791 bls.
1339 4743 1369 4790 ut
1386 4754 1471 4804 supra
1486 4736 1626 4790 adiectiso
1644 4734 1820 4801 insolabiles
1833 4753 1897 4788 ser-

728 4798 844 4880 exbibet
861 4803 1008 4870 pluralem
1039 4824 1192 4859 numerans.
1242 4807 1285 4859 cl.
1337 4808 1402 4858 bum
1420 4808 1594 4869 vinciantur,
1617 4802 1741 4856 sicb.l.
1760 4804 1897 4856 adverbio

727 4872 812 4917 etism
826 4869 1021 4939 paulssuprs:
1039 4892 1092 4925 non
1104 4876 1286 4942 accipiendam
1336 4874 1586 4942 inseparabiliter
1608 4873 1758 4939 respondet
1778 4874 1898 4926 verbum

727 4941 766 4986 ers
781 4936 942 4990 animsslsic
960 4957 1023 5004 esse,
1041 4942 1127 4993 albic
1144 4944 1284 5010 naseipa·
1335 4943 1437 4994 iansit.
1473 4941 1634 5007 Quaeritur,
1649 4958 1703 5007 qao
1718 4941 1898 4993 referendum

726 5009 822 5053 ‘mvs-
1336 5010 1374 5062 sit
1394 5010 1529 5071 insolata,
1559 5010 1594 5061 sd
1612 5010 1724 5078 singola
1743 5025 1777 5061 sn
1797 5010 1831 5061 sd
1850 5028 1898 5062 ne-

761 5068 849 5133 ΧΧΠ,
866 5075 892 5122 2·
927 5092 995 5141 puae
1012 5076 1224 5143 inseparabiliter
1241 5079 1284 5130 in·
1335 5076 1462 5130 cessitas?
1496 5077 1559 5127 lloe
1576 5078 1689 5140 malim,
1709 5085 1740 5128 ut
1757 5078 1898 5145 insepara-

725 5137 819 5189 aalata
835 5156 922 5191 reram
940 5144 966 5193 in
985 5160 1013 5195 se
1029 5145 1170 5195 necessitas
1187 5145 1283 5214 iunxit]
1334 5146 1421 5197 biliter
1437 5146 1558 5197 insolata
1578 5161 1666 5196 rerunt
1691 5146 1720 5195 in
1740 5162 1768 5197 se
1784 5148 1898 5197 necessi·

725 5203 851 5284 {metali
873 5211 988 5262 verbum
1006 5212 1107 5275 iunxit,
1132 5213 1205 5278 quod
1223 5215 1284 5281 ple·
1334 5220 1377 5265 tas
1402 5212 1476 5264 idem
1504 5212 1543 5263 sit
1565 5218 1649 5278 etque
1677 5228 1720 5264 rer
1740 5216 1897 5269 necessitate

724 5286 805 5338 rsqac
830 5277 909 5331 codd.
930 5278 1000 5333 Mss.
1025 5280 1174 5346 exhibent,
1207 5282 1283 5349 quis,
1333 5280 1545 5350 inseparabiliter
1560 5280 1587 5333 in
1605 5296 1633 5334 ss
1651 5280 1796 5335 insolatae.
