5092 6425
802 912 940 981 GOMM.
960 911 1005 980 ΙΝ
1026 908 1154 979 SOMN.
1176 909 1275 979 SCIP.
1317 910 1393 976 LlB.
1414 910 1438 975 l.
1482 910 1571 979 GAP.
1591 914 1678 981 XXI.
1765 915 1826 983 123

655 1086 712 1152 sim
732 1105 804 1153 vasa
824 1083 974 1150 mutando
994 1090 1027 1148 et
1044 1102 1099 1232 fer
1118 1081 1254 1166 singulas
1272 1079 1429 1148 induentis
1451 1104 1549 1170 aquae
1567 1092 1670 1170 partes
1689 1085 1826 1172 singulos

655 1173 712 1238 sibi
736 1171 967 1237 ascendentium
990 1169 1066 1235 caci
1109 1169 1222 1234 artium
1245 1167 1361 1233 limites
1380 1169 1570 1247 annotando,
1606 1171 1660 1236 ubi
1682 1193 1825 1239 consum·

655 1266 737 1323 mata
759 1259 819 1322 iam
840 1256 926 1323 omni
945 1276 1001 1342 per
1020 1254 1062 1320 dn
1104 1253 1181 1318 ecim
1206 1261 1309 1338 partes
1330 1274 1410 1341 aqua
1428 1254 1466 1319 ad
1488 1255 1579 1340 primi
1599 1256 1677 1343 signi
1700 1259 1826 1325 exordia

655 1352 838 1430 perventum
860 1350 922 1419 est,
951 1341 1018 1406 sine
1039 1340 1134 1405 dubio
1156 1340 1216 1404 iam
1242 1339 1354 1405 divisas
1377 1340 1530 1426 certisque
1557 1341 1616 1407 sihi
1638 1343 1827 1412 ohservatio-

657 1430 748 1494 nihus
768 1437 799 1494 et
818 1428 937 1494 indiciis
957 1433 1120 1491 annotatas
1140 1424 1302 1491 duodecim
1324 1425 1399 1491 caeli
1422 1437 1524 1511 partes
1543 1434 1647 1493 tantae
1668 1437 1826 1516 compotes

657 1514 890 1580 machinationis
913 1512 1097 1578 hahuerunt
1148 1511 1242 1589 Quod
1270 1533 1333 1576 nnn
1362 1521 1452 1576 nocte
1478 1533 1538 1577 una
1562 1513 1616 1578 sed
1642 1514 1761 1581 duabus
1783 1515 1873 1587 eas-21

656 1600 852 1678 factumest,
883 1599 956 1685 quia
978 1618 1071 1663 omne
1096 1597 1214 1662 caelum
1237 1618 1299 1662 una
1322 1604 1412 1662 nocte
1435 1619 1497 1664 non
1519 1598 1667 1677 volvitur,
1695 1601 1748 1666 sed
1772 1622 1827 1686 per

656 1685 736 1751 diem
762 1686 893 1752 vertitur
916 1705 986 1770 pars
1014 1682 1081 1748 eius
1108 1681 1208 1747 media
1230 1690 1262 1747 et
1290 1682 1437 1748 medietas
1465 1682 1584 1770 reliqua
1612 1707 1667 1771 per
1695 1693 1827 1752 noctem.

655 1773 719 1838 Nec
747 1779 852 1837 tamen
875 1771 994 1835 caelum
1019 1788 1112 1833 omne
1138 1767 1268 1834 duarum
1295 1768 1353 1834 sihi
1383 1770 1593 1855 proximarum
1616 1772 1752 1837 noctium
1781 1773 1826 1838 di·

655 1858 728 1924 visit
761 1856 926 1941 inspectio:
967 1853 1020 1920 sed
1053 1853 1245 1919 diversorum
1279 1861 1455 1940 temporum
1490 1868 1641 1923 nocturna
1676 1858 1828 1924 dimensio

655 1949 825 2028 utrumque
853 1939 1115 2026 hemisphaerium
1146 1939 1270 2025 paribus
1298 1961 1396 2027 aquae
1422 1941 1540 2007 vicibus
1566 1945 1732 2010 annotarit
1785 1945 1878 2015 Ε122

656 2028 712 2093 has
740 2028 821 2113 ipsas
847 2027 1010 2093 duodecim
1039 2033 1141 2110 partes
1163 2026 1249 2110 signa
1275 2026 1422 2111 appellari
1452 2028 1643 2094 maluemnt:
1682 2038 1827 2117 certaque

657 2115 786 2199 singulis
808 2114 954 2180 vocabula
976 2112 1073 2219 gratia
1094 2111 1325 2195 significationis
1347 2110 1464 2177 adiecta
1485 2121 1573 2192 sunt,
1594 2123 1627 2178 et
1648 2116 1719 2200 quia
1741 2116 1827 2200 signa

659 2201 778 2267 Gracco
798 2199 924 2265 nomine
945 2198 1044 2276 ζωδια
1066 2205 1299 2282 nuncupantur,
1336 2197 1450 2262 circum
1472 2198 1572 2283 ipsum
1598 2198 1755 2283 signorum
1778 2222 1829 2266 ro·

658 2286 792 2362 diacum,
831 2285 919 2371 quasi
947 2282 1142 2368 signiferum,
1177 2290 1373 2348 vocaverunt
1424 2284 1520 2347 Hanc
1541 2291 1644 2348 autem
1677 2287 1828 2351 rationem
1836 2288 1878 2353 23

659 2371 752 2436 iidem
774 2370 833 2448 illi,
870 2391 925 2436 cur
946 2369 1099 2446 Arietem,
1136 2388 1206 2432 cum
1228 2367 1258 2431 in
1280 2366 1407 2453 sphaera
1429 2368 1505 2432 nihil
1529 2369 1663 2454 primum
1690 2370 1829 2456 nihilque

658 2459 849 2556 postremum
870 2455 919 2533 sit,
937 2455 1070 2541 primum
1088 2461 1193 2518 tamen
1210 2451 1268 2518 dici
1287 2453 1460 2531 maluerint
1478 2454 1689 2539 prodidemnt
1731 2457 1831 2523 Aiunt

659 2543 824 2627 rocipiente
845 2542 893 2606 die
915 2541 968 2606 illo
990 2542 1042 2626 qui
1064 2539 1182 2625 primus
1202 2540 1342 2605 omnium
1361 2539 1449 2617 luxit,
1467 2540 1497 2605 id
1517 2548 1564 2605 est
1583 2562 1646 2628 quo
1668 2541 1700 2606 in
1723 2541 1879 2628 hunum]

658 2628 809 2714 fulgorem
832 2629 949 2693 caelum
972 2637 1004 2692 et
1026 2626 1178 2691 elementa
1197 2633 1329 2725 purgata
1351 2633 1439 2703 sunt,
1476 2626 1530 2777 uui
1554 2626 1623 2692 ideo
1646 2629 1752 2693 mundi
1776 2650 1829 2694 na·

659 2715 728 2779 talis
753 2715 818 2780 iure
841 2714 1010 2792 vocitatur,
1036 2711 1175 2777 Arietem
1196 2734 1228 2777 ιιι
1249 2713 1351 2778 medio
1371 2712 1457 2778 caelo
1492 2713 1588 2792 uisse,
1610 2721 1648 2795 ¹et
1669 2715 1741 2800 quia
1765 2736 1828 2781 me·

659 2796 742 2865 dium
764 2801 883 2865 caelum
904 2800 991 2885 quasi
1014 2797 1121 2863 mundi
1143 2806 1249 2864 vertex
1271 2807 1327 2876 est,
1346 2799 1485 2864 Arietem
1506 2809 1669 2885 propterea
1692 2802 1826 2886 primum

658 2887 738 2952 inter
760 2908 868 2953 omnes
889 2885 1045 2962 habitum,
1082 2883 1136 2970 qui
1158 2892 1194 2950 nt
1214 2885 1322 2950 mundi
1349 2895 1442 2971 caput
1463 2885 1495 2950 in
1523 2886 1650 2952 exordio
1672 2887 1749 2953 lucis
1773 2909 1827 2974 ap·

659 2972 769 3059 paruit
813 2970 1008 3036 subnectunt
1028 2969 1122 3035 etiam
1144 2990 1277 3046 causam,
1294 2991 1350 3035 cnr
1371 2970 1447 3036 haec
1468 2972 1533 3056 ipsa
1552 2971 1714 3038 duodecim
1738 2973 1823 3058 signa
1839 2977 1883 3042 24

660 3057 817 3141 adsignata
851 3057 913 3120 sint
944 3055 1136 3121 diversorum
1165 3055 1328 3120 numinum
1358 3057 1512 3141 potestati.
1559 3059 1659 3122 Aiunt
1687 3058 1769 3124 enim
1798 3060 1830 3125 in

661 3143 718 3207 hac
740 3143 806 3227 ipsa
828 3140 969 3225 genitura
989 3139 1097 3206 mundi
1117 3138 1239 3217 Arietm
1260 3148 1297 3205 ut
1318 3139 1465 3218 diximus,
1487 3141 1624 3207 medium
1645 3142 1763 3209 caelum
1785 3152 1832 3211 te·

1459 3309 1545 3371 [ΕΜ.
1563 3309 1767 3379 ricnhgupdub.

662 3399 707 3446 20.
742 3394 797 3446 ium
818 3399 999 3445 consummata
1020 3392 1049 3445 F.
1078 3416 1113 3432 -·
1140 3392 1195 3445 ium
1213 3392 1315 3444 divium
1332 3407 1386 3443 um.
1410 3393 1487 3454 (add.
1504 3392 1532 3443 in
1551 3409 1608 3461 mg.
1632 3395 1835 3461 teudinum)

664 3464 715 3514 Rl.
735 3488 768 3502 -
786 3461 1039 3513 consecutionibus
1057 3460 1088 3512 F.
1107 3487 1137 3499 -
1159 3459 1227 3511 eueli
1242 3468 1333 3529 purten
1351 3463 1420 3520 (om.
1440 3461 1590 3522 duodecim)
1606 3460 1682 3529 ring.

663 3535 707 3583 21.
746 3530 803 3595 Qui
819 3546 873 3580 nou
892 3526 923 3579 B.
959 3530 1028 3596 quod
1045 3528 1122 3590 (edd.
1142 3541 1159 3579 c
1178 3543 1235 3579 see.
1253 3545 1288 3579 m.
1306 3532 1373 3588 nou]
1390 3526 1419 3577 0.
1438 3556 1472 3567 -
1496 3529 1543 3580 aed
1561 3529 1630 3581 dieue
1649 3530 1726 3591 (add.
1745 3544 1761 3583 ι
1779 3547 1835 3583 ccc.

665 3617 703 3651 ιιι.
718 3602 779 3665 per)
798 3595 828 3647 F.
847 3625 880 3636 -
898 3597 1034 3649 volvitur
1048 3614 1114 3666 pure
1133 3595 1180 3647 Sv.
1196 3624 1229 3635 -
1247 3611 1349 3663 oeque
1366 3596 1466 3648 uicibus
1483 3596 1622 3665 Sv-guro
1642 3599 1714 3668 (eleg
1730 3600 1758 3651 ἰιι
1775 3617 1834 3670 mg.

665 3671 776 3733 aquae).
800 3664 895 3746 'aequi
911 3665 1009 3716 uicibus
1027 3666 1060 3717 l).
1097 3663 1238 3745 „Omnino
1255 3665 1442 3746 reducendum
1462 3668 1581 3732 uquue.“
1605 3666 1685 3720 Pont.

663 3732 1144 3869 corallachates
1160 3733 1837 3887 ittattthf'ffttdmlttllthdgt:

664 3877 736 3933 rum]
756 3870 825 3920 Edd.
842 3896 876 3906 —·
892 3878 1035 3922 accurunt
1054 3869 1137 3936 cuhg.
1289 3871 1332 3920 23.
1368 3869 1446 3921 Hane
1461 3870 1504 3921 illi
1515 3879 1602 3923 cutem
1616 3874 1745 3926 rationem
1762 3874 1837 3924 idem

665 3941 717 3991 Rl.
752 3939 820 3989 huuc
838 3943 894 3987 uut.
910 3946 962 3988 rut.
980 3939 1023 3989 illi
1040 3938 1113 3989 idem
1134 3936 1235 3986 112-
1252 3953 1300 3988 cur
1375 3937 1444 3989 nihii
1459 3954 1513 3989 um.
1532 3937 1562 3990 (l.
1582 3967 1609 3977 -
1629 3942 1738 4009 nilque
1755 3938 1786 3991 12.
1802 3969 1831 3978 -

664 4008 819 4077 posterius
837 4006 871 4056 ait
886 4005 936 4055 Ra.
957 4033 983 4043 -
1003 4006 1169 4057 maluerunt
1183 4004 1252 4055 Ri2.
1270 4032 1304 4043 -·
1321 4006 1405 4057 Aiunt
1422 4006 1505 4058 enim
1523 4006 1649 4058 BSPTn.
1669 4037 1696 4046 -
1716 4010 1773 4060 iurc
1790 4026 1837 4060 uo·

667 4083 752 4127 entur
774 4073 795 4123 G
815 4073 842 4133 (1
855 4088 876 4123 n
896 4090 951 4123 see.
970 4078 1030 4133 m).
1080 4073 1177 4124 dicitur
1200 4077 1269 4132 (erm.
1289 4074 1360 4134 iure]
1385 4073 1435 4127 Ra.
1463 4101 1497 4112 -
1529 4076 1631 4125 ceolum
1648 4077 1761 4126 medlum
1784 4075 1837 4126 Ra„

666 4144 752 4193 medio
770 4142 826 4193 celi
846 4140 897 4191 Ht.
919 4167 954 4179 -
974 4141 1080 4193 exordio
1097 4147 1164 4201 (om.
1182 4139 1225 4201 in)
1244 4155 1309 4206 reg.
1460 4144 1502 4191 24.
1538 4143 1644 4192 cuneum
1663 4142 1727 4192 add.
1745 4157 1761 4192 u
1778 4158 1836 4193 sec.

668 4228 703 4261 m.
720 4210 771 4260 Rt.
798 4236 832 4246 ·-
858 4210 952 4259 muudi
969 4211 1097 4279 genitura
1113 4207 1144 4258 F.
1172 4234 1205 4245 -
1229 4215 1339 4258 nutura
1355 4207 1449 4257 mundi
1466 4212 1542 4273 (sup.
1561 4210 1702 4277 genitura)
1722 4208 1773 4259 Rl.
1802 4235 1837 4247 -

668 4286 698 4330 ut
714 4278 873 4329 docuimus
890 4293 951 4344 v-g.
973 4303 1005 4315 -
1026 4276 1142 4327 medium
1159 4275 1231 4326 cccli
1248 4274 1388 4325 PHtBan.
1428 4276 1552 4325 medium
1567 4283 1695 4343 purtem
1713 4276 1786 4328 coeli
1802 4274 1835 4325 F.

701 4448 745 4496 20.
780 4444 829 4496 aldi
845 4480 870 4496 ..
889 4443 1052 4511 annotanda]
1069 4446 1148 4497 Haec
1166 4442 1228 4495 iun·
1278 4444 1346 4494 cunt
1377 4440 1479 4493 Graeci
1507 4458 1558 4509 pro
1587 4436 1747 4511 (incitandae.
1793 4445 1837 4498 Cl.

669 4514 761 4583 gende
780 4516 857 4578 snut,
889 4518 920 4563 ut
939 4513 1023 4579 penln
1045 4513 1187 4565 infruniti
1204 4549 1228 4564 ..
1280 4510 1425 4576 §sautu
1445 4511 1639 4574 maluerint,
1673 4513 1768 4579 11,s,
1793 4517 1837 4565 23.

670 4590 821 4634 annotatas.
1272 4578 1343 4645 fidei
1360 4577 1465 4629 ohuiure
1482 4580 1616 4631 mavult.

702 4654 744 4701 21.
778 4649 889 4717 paribus
925 4664 1013 4716 uquue
1042 4645 1151 4714 vicitur]
1187 4644 1230 4698 Gl.
1313 4648 1354 4696 23ι
1391 4645 1483 4713 Aiunt]
1506 4646 1652 4698 Particule
1668 4650 1750 4711 enim,
1768 4663 1838 4714 qnae

671 4718 684 4784 ᾗ
706 4722 749 4769 20.
776 4726 855 4785 utque
876 4717 917 4767 itu
939 4716 1055 4769 uicissim
1081 4732 1148 4767 cusu
1170 4732 1229 4766 mu·
1280 4711 1309 4763 in
1331 4711 1497 4778 quibusdam
1526 4715 1605 4765 codd.
1631 4731 1697 4767 mas.
1721 4716 1839 4784 legitur,

669 4787 753 4838 tundo
768 4792 820 4837 etc.
854 4783 915 4836 Non
931 4799 947 4836 u
966 4783 1071 4837 militie
1086 4784 1170 4834 ductu
1188 4787 1231 4834 eut
1281 4780 1453 4846 arridetur,
1473 4798 1506 4834 ex
1524 4783 1538 4850 5
1556 4785 1598 4833 24.
1617 4782 1672 4835 lonc
1691 4786 1839 4847 translata,

670 4854 741 4904 hece
760 4852 861 4917 dictio,
879 4857 911 4903 nt
927 4854 988 4906 vult
1006 4852 1163 4913 Pontianus,
1181 4850 1230 4902 ced
1280 4848 1374 4901 minus
1394 4850 1524 4903 convenit
1543 4852 1721 4905 antecedenti
1739 4869 1841 4921 prouo-

670 4928 747 4973 rectc
761 4921 964 4988 quodammodo
978 4920 1151 4987 compararit
1162 4919 1232 4971 Pro·
1280 4917 1350 4969 mini
1368 4918 1598 4971 demonstrativo.

671 4997 743 5056 pert.
762 4989 819 5052 111,
838 4991 886 5052 21,
910 4992 951 5039 12.
972 4990 1163 5055 Remorumque
1178 5004 1230 5055 pu·
1315 4987 1408 5038 mundi
1429 4988 1541 5055 autulio]
1569 4988 1631 5053 „lle
1650 4992 1709 5040 tote
1732 4987 1787 5039 huc
1809 5001 1840 5038 re

671 5075 713 5109 res
731 5058 817 5109 daccite
834 5064 904 5110 corte
922 5058 1000 5109 eicco.
1280 5052 1417 5109 videndun
1443 5056 1557 5108 uberius
1582 5056 1673 5108 lulius
1700 5055 1841 5107 Firmium

704 5128 747 5176 22,
787 5125 869 5194 signu
906 5125 1039 5193 appellari
1069 5121 1230 5204 arduorum]
1281 5121 1329 5173 lih.
1350 5122 1403 5186 lli,
1422 5129 1483 5191 cup.
1503 5128 1537 5188 l.,
1560 5123 1609 5175 uhi
1627 5121 1760 5175 mundani
1778 5121 1841 5172 the·

673 5210 712 5245 nc.
734 5209 817 5259 quam
842 5191 902 5244 ullo
931 5192 988 5244 ulio
1012 5192 1138 5254 nominc,
1173 5190 1231 5242 nior
1281 5188 1367 5241 metis
1391 5197 1521 5243 unctores
1548 5198 1688 5257 ponuntur
1710 5188 1842 5240 Aesculu-

673 5262 765 5313 mavi·
792 5263 919 5313 statuere
946 5260 1097 5312 meluerunt
1126 5259 1231 5311 dietum
1281 5256 1355 5325 pins,
1372 5257 1490 5321 Anubin,
1506 5262 1535 5311 et
1552 5275 1601 5309 oon
1618 5256 1841 5324 aecnlil'etocy-

673 5345 737 5382 cue
753 5344 803 5397 pro
819 5328 967 5397 oducunt,
983 5333 1015 5383 ut
1029 5324 1173 5393 eluctetur
1188 5325 1233 5379 di·
1281 5324 1323 5379 riu
1339 5329 1369 5380 el
1385 5325 1540 5394 ntupum
1561 5325 1653 5377 Pon,
