5092 6425
687 893 749 936 xxx
1126 866 1460 939 PROLEGOMENA.

689 1038 842 1108 terrogati,
862 1038 924 1104 (lib.
939 1038 998 1091 vlt.
1016 1055 1039 1092 c.
1056 1041 1095 1092 14.
1112 1040 1126 1106 5
1143 1045 1247 1108 bsqq.)
1270 1040 1337 1108 qaid
1359 1040 1537 1094 statuendam
1561 1039 1599 1093 sit
1620 1041 1654 1092 dc
1675 1038 1789 1091 videndi
1811 1056 1906 1104 sensa,

687 1131 723 1195 (e.
745 1131 798 1189 16.)
819 1141 869 1177 cur
887 1125 970 1176 lunae
992 1124 1084 1193 magis
1103 1141 1185 1192 qnam
1204 1125 1275 1178 solis
1292 1127 1385 1178 lamen
1406 1126 1519 1179 adiuvet
1537 1124 1722 1192 putredinem.
1756 1124 1906 1177 Fabricius

687 1214 716 1267 lu
740 1212 815 1265 Bibl.
833 1211 882 1262 Gr.
903 1211 937 1261 ed
960 1210 1061 1262 llamb.
1083 1214 1163 1274 1111,
1187 1218 1205 1263 t.
1224 1210 1298 1262 Vlll.
1322 1228 1348 1278 p.
1369 1215 1419 1263 189
1437 1229 1498 1278 sqq·
1522 1213 1568 1280 (ed
1586 1211 1667 1262 Harl.
1685 1217 1704 1262 t.
1722 1209 1772 1261 lx,
1790 1227 1818 1276 p.
1837 1211 1905 1272 149.)

687 1298 791 1352 multos
814 1301 958 1348 enumerat
977 1295 1156 1361 Eustathios,
1188 1297 1236 1348 sed
1257 1295 1321 1364 qnia
1343 1305 1392 1349 aut
1416 1314 1480 1348 num
1499 1297 1563 1364 qais
1584 1315 1618 1348 ex
1643 1295 1679 1348 iis
1703 1295 1751 1346 hic
1770 1295 1823 1361 sit,
1852 1313 1906 1347 nou

686 1380 902 1437 affirmaverimr
921 1380 977 1433 nisi
994 1381 1067 1433 torte
1086 1387 1129 1433 est
1145 1381 1354 1435 Eustathias
1376 1381 1566 1450 Cappadox,
1582 1380 1768 1449 philosophus
1786 1382 1907 1449 Neopto-

687 1468 810 1531 touicus,
835 1465 992 1535 discipulus
1010 1466 1162 1519 lambliohi
1179 1473 1208 1520 et
1222 1467 1349 1533 dedesii,
1373 1468 1453 1520 cuius
1471 1467 1643 1534 provinciam
1659 1467 1860 1521 scholasticam
1879 1468 1906 1521 in

687 1553 864 1621 Cappadocia
883 1551 1009 1621 suscepit
1029 1570 1053 1603 c.
1076 1552 1166 1603 GCCh
1186 1538 1295 1620 p'cnr.
1314 1556 1357 1619 ²⁷)
1393 1552 1522 1621 Reliquis
1539 1553 1615 1604 hunc
1633 1560 1727 1607 aetate
1746 1555 1831 1622 paulo
1847 1571 1907 1607 ma-

686 1639 775 1692 iorem
794 1655 858 1691 esse
872 1639 1001 1691 excusari
1023 1643 1115 1705 potest
1138 1637 1175 1691 iis
1198 1641 1326 1706 qaaede
1347 1640 1492 1693 hominum
1515 1641 1550 1692 ad
1573 1639 1644 1691 haec
1665 1638 1795 1693 convivia
1816 1639 1908 1692 adsci-

688 1730 780 1778 toram
802 1723 944 1776 aetatibus
965 1723 1126 1776 Macrobius
1148 1725 1220 1777 dixit
1243 1724 1271 1790 l,
1291 1729 1362 1786 1,5.
1398 1727 1497 1779 hlahal
1523 1731 1632 1790 mouet,
1662 1743 1697 1778 ne
1724 1726 1910 1778 contundatur

688 1830 750 1864 eum
771 1809 985 1878 archiepiscopo
1000 1809 1260 1877 Thessalonicensi,
1280 1811 1397 1865 Homeri
1416 1811 1583 1879 interprete,
1602 1817 1633 1864 nt
1647 1812 1694 1879 qui
1710 1816 1802 1865 aetate
1820 1812 1909 1864 multo

688 1898 726 1952 sit
744 1898 871 1949 inferior.

756 1981 777 2035 i.
813 1980 991 2033 Eusebius
1015 1980 1042 2032 in
1062 1981 1237 2034 Postumieui
1260 1982 1375 2051 negotio
1398 1981 1528 2049 impediti
1551 1983 1643 2034 locum
1668 1986 1835 2048 surrogatus
1856 1986 1909 2045 est,

688 2067 811 2135 dicitque
831 2068 865 2132 (1,
883 2070 909 2128 2,
926 2066 965 2131 7.)
984 2082 1047 2118 eam
1066 2067 1262 2120 Postumianae
1281 2085 1344 2121 esse
1362 2069 1515 2134 secundans
1533 2075 1558 2119 ct
1574 2068 1705 2120 nuditum
1722 2067 1822 2129 einans,
1848 2066 1908 2118 rise-

687 2162 769 2208 neem
787 2156 855 2205 inter
876 2153 989 2205 Graecos
1004 2160 1184 2221 praestantem
1203 2155 1321 2206 omnibns
1337 2154 1406 2205 idern
1423 2155 1474 2205 illa
1491 2161 1580 2205 aetate
1601 2154 1743 2221 professis,
1773 2153 1909 2204 doctrinae

689 2240 811 2292 lautioris
827 2239 900 2290 baud
920 2238 1045 2300 insciam,
1072 2237 1266 2292 Praetextatus
1287 2239 1328 2305 (l,
1345 2243 1375 2302 o,
1391 2238 1429 2303 2.)
1451 2240 1536 2290 Grnia
1554 2247 1580 2292 et
1597 2240 1718 2291 doctrina
1733 2246 1758 2291 et
1772 2238 1909 2303 jocundio

688 2327 788 2379 olorum
803 2325 946 2388 rhetorio,
976 2322 1164 2390 Symmachus
1181 2325 1215 2390 (l,
1232 2328 1275 2387 24,
1294 2326 1347 2388 14.)
1370 2333 1503 2376 oratorum
1525 2325 1780 2391 eloquentissimam,
1808 2324 1910 2375 Eristo-

688 2409 970 2475 thiaetmaro.)
989 2410 1075 2460 oirnrn
1093 2411 1209 2462 omniurn
1227 2411 1435 2462 disertissimum.
1469 2408 1534 2475 lpse
1553 2409 1628 2475 (vll,
1648 2413 1692 2474 10,
1713 2412 1748 2475 1.)
1770 2411 1910 2462 senectutis

688 2499 730 2552 ait
748 2515 779 2548 se
800 2499 910 2548 ionnnrn
928 2496 982 2546 iam
1003 2511 1088 2562 poene
1105 2496 1221 2561 pulsare.
1257 2495 1327 2547 llius
1348 2494 1516 2562 disputatio,
1545 2511 1629 2562 qaam
1652 2495 1757 2547 dicitur
1774 2494 1909 2547 habuisse

689 2586 724 2637 de
751 2581 874 2635 oratoria
894 2579 967 2647 apud
992 2578 1143 2646 Virgilium
1167 2584 1244 2644 arte,
1273 2585 1333 2631 tota
1357 2579 1536 2632 intercidisse
1559 2580 1679 2632 videtur.
1714 2582 1754 2632 be
1772 2581 1835 2633 eius
1851 2580 1910 2634 vita

688 2670 762 2722 nihil
784 2665 897 2719 omnino
916 2664 1029 2716 scimus.
1065 2663 1199 2714 Fortasse
1222 2669 1266 2716 est
1287 2665 1465 2718 Eusebius
1486 2665 1740 2718 Alexandrinas
1764 2665 1908 2731 Rhetor,

688 2771 769 2822 quem
792 2752 867 2804 inter
891 2749 1015 2815 amplius
1038 2749 1186 2817 sexaginta
1203 2750 1342 2804 Eusebios
1362 2751 1446 2804 tertio
1464 2753 1526 2805 loco
1546 2758 1745 2804 commemorat
1760 2751 1909 2805 Fabricius

690 2840 710 2892 l.
729 2857 753 2890 e.
773 2844 790 2891 t.
811 2837 856 2887 vl.
873 2853 900 2903 p.
921 2838 978 2886 105.
999 2834 1055 2899 (ed.
1072 2835 1154 2889 Harl.
1177 2841 1196 2888 t.
1222 2836 1280 2888 Vll.
1305 2855 1331 2904 p.
1355 2839 1407 2890 4⁰9
1432 2841 1521 2904 snm),
1547 2853 1628 2904 quera
1653 2836 1793 2889 Bachaias
1812 2838 1909 2903 (Reat-

687 2924 804 2992 Encycl.
815 2940 838 2974 s.
849 2921 877 2972 h.
891 2921 930 2982 v.)
941 2920 1011 2973 dicit
1023 2937 1085 2972 esse
1098 2921 1176 2974 iussu
1194 2922 1375 2988 imperatoris
1384 2923 1461 2975 Galli
1477 2922 1601 2975 accisam
1617 2938 1643 2973 a·
1655 2923 1789 2974 CCCLIV.
1804 2941 1829 2990 p.
1840 2914 1907 2975 Chr.

756 3009 785 3060 b.
820 3006 984 3058 Disarius
1003 3006 1047 3071 ¹⁸)
1069 3006 1095 3073 1,
1113 3014 1144 3072 1,
1164 3012 1187 3060 i.
1203 3008 1309 3060 dicitnr
1326 3007 1422 3060 venire
1439 3025 1502 3061 cum
1520 3009 1679 3077 Evaugolo,
1696 3009 1744 3062 ubi
1759 3009 1907 3062 adiicitur:

688 3096 735 3164 pai
750 3102 812 3147 tane
831 3094 932 3144 Rornae
946 3101 1087 3160 praestare
1100 3093 1239 3145 videbatur
1255 3096 1347 3147 ceteris
1364 3096 1486 3148 medendi
1503 3102 1586 3147 artene
1606 3095 1749 3162 presertim·
1779 3099 1808 3145 et
1822 3094 1909 3145 Prae-

688 3185 812 3235 textatus
830 3176 937 3244 Vll,4,
957 3183 984 3231 l:
1004 3180 1135 3245 Qnirs..,
1164 3178 1269 3246 inquit,
1299 3189 1365 3248 apto
1381 3181 1501 3233 eonoiaio
1509 3181 1680 3248 fabulemur,
1707 3197 1755 3234 nec
1772 3181 1804 3233 de
1821 3182 1910 3233 citata

688 3275 792 3322 tanturn
809 3266 856 3318 sed
874 3274 899 3319 et
918 3268 942 3318 si
960 3283 1013 3335 pau
1028 3267 1061 3318 de
1077 3273 1176 3318 notura
1197 3282 1333 3333 corporane
1348 3269 1391 3318 oet
1414 3268 1486 3330 niis,
1506 3276 1644 3335 praesente
1666 3267 1780 3319 marine
1800 3267 1908 3317 liberio

686 3361 790 3417 nostro,
813 3352 888 3404 enias
904 3352 1047 3421 plurimum
1064 3352 1101 3404 nd
1118 3351 1166 3402 hoe
1182 3367 1269 3419 genas
1286 3354 1469 3419 qaaestionem
1484 3355 1581 3421 poterit
1599 3369 1643 3404 ors
1659 3360 1685 3405 et
1704 3354 1825 3404 doctrino
1842 3368 1906 3402 eon-

683 3443 768 3507 serrs,
788 3445 816 3490 et
832 3438 905 3502 (tlt,
917 3441 944 3503 4,
961 3438 1015 3501 ilis
1035 3438 1094 3506 psi,
1113 3438 1177 3504 qaid
1196 3440 1335 3490 conveniat
1352 3440 1502 3506 corporibus
1519 3440 1652 3502 hamonis,
1674 3456 1727 3489 non
1744 3439 1831 3489 minas
1849 3439 1907 3489 cot-

688 3527 725 3579 let
743 3542 823 3593 pansa
838 3525 898 3591 ipso
914 3530 1013 3575 nature
1028 3523 1153 3590 fabricae
1169 3524 1248 3576 lisias
1265 3532 1358 3576 anctor
1373 3533 1398 3576 et
1413 3526 1512 3576 natrix.
1548 3525 1686 3594 Graecum
1711 3522 1802 3574 luisse
1827 3522 1906 3574 Disa-

688 3611 761 3663 rium
779 3608 905 3660 iudicant
921 3607 993 3673 (llll,
1009 3612 1035 3670 5,
1051 3610 1092 3672 3.)
1108 3610 1209 3662 verba:
1230 3610 1347 3661 Graecas
1362 3610 1462 3661 Graeco
1478 3608 1657 3675 (Eustathins
1671 3607 1794 3669 binario)
1811 3610 1908 3675 eripiat

688 3695 912 3761 beneplacente,
929 3697 958 3744 et
974 3691 1025 3759 (ib.
1043 3692 1057 3760 5
1073 3693 1126 3760 4.)s
1147 3695 1212 3762 qaia
1229 3696 1345 3761 facilins
1368 3697 1526 3747 &cecorum
1550 3695 1742 3746 incentionibus
1759 3711 1777 3744 a
1798 3694 1908 3745 Graecis

686 3785 758 3850 sorte
774 3778 941 3832 uliisreletu
954 3777 1121 3846 respondent.
1154 3779 1317 3832 Macrobius
1336 3780 1364 3831 in
1383 3780 1455 3832 libro
1472 3780 1530 3831 Vll.
1555 3798 1617 3831 eum
1638 3778 1707 3830 lacit
1726 3778 1908 3844 pronuntian-

689 3872 746 3919 tem
765 3863 860 3918 emal!
875 3861 997 3930 quand
1016 3867 1106 3914 ersom
1125 3862 1262 3916 medicam
1280 3871 1364 3931 atque
1381 3866 1415 3916 ad
1438 3866 1586 3919 scientiam
1606 3871 1721 3918 naturae
1738 3863 1908 3929 pertinentia

688 3947 863 4019 deprompsit
881 3941 902 4002 'a'
924 3945 1073 4002 Plutarchi
1093 3949 1271 4002 sermonibus
1296 3949 1496 4002 convivalibus.
1531 3950 1586 4003 Sed
1606 3967 1659 4001 nou
1679 3964 1741 3999 esse
1760 3965 1908 4013 personam

687 4035 784 4088 hetam
806 4032 981 4103 intelligitur
1001 4051 1017 4086 e
1035 4032 1199 4103 Symmachi
1222 4034 1291 4087 libri
1310 4035 1356 4087 lX.
1379 4036 1502 4102 epistola
1523 4037 1573 4099 43,
1600 4034 1649 4087 obi
1673 4040 1909 4085 commemoratur

688 4120 818 4174 lliserles
837 4118 977 4185 medicos,
994 4118 1077 4172 enias
1094 4135 1191 4172 nomen
1210 4120 1302 4172 latere
1319 4122 1371 4173 snb
1387 4122 1501 4174 llisamo
1519 4120 1569 4173 lib.
1588 4119 1638 4170 111.
1658 4136 1702 4186 ep.
1720 4124 1763 4171 31.
1781 4119 1908 4188 suspica-

687 4214 735 4261 tur
751 4206 879 4276 lleynias
900 4205 920 4258 l.
940 4221 964 4258 e.
990 4222 1016 4273 p.
1034 4210 1058 4258 1.
1093 4203 1238 4259 Senectuti
1257 4224 1321 4258 earn
1340 4206 1496 4273 proximum
1515 4220 1577 4256 esse
1593 4203 1662 4256 dicit
1677 4204 1818 4257 Eusebius
1836 4205 1908 4271 (Vll,

689 4298 732 4356 ro,
750 4294 798 4356 a).

757 4379 776 4429 l.
812 4378 927 4428 Horas
946 4394 1009 4428 enm
1025 4376 1138 4428 Disario
1157 4383 1185 4428 et
1201 4377 1345 4445 Evangele
1361 4376 1439 4429 venit
1460 4377 1548 4444 (br,
1564 4382 1618 4444 3.),
1647 4381 1812 4446 circos-pore
1829 4385 1909 4445 otone

688 4464 778 4515 animo
795 4464 872 4514 iacta
887 4462 1003 4524 calidus,
1021 4462 1067 4528 psi
1082 4471 1143 4528 post
1159 4464 1228 4515 inter
1242 4463 1351 4532 pugiles
1366 4462 1474 4529 palmas
1490 4465 1527 4515 ad
1542 4466 1726 4533 philosophiae
1746 4464 1839 4528 stadia
1856 4464 1907 4514 ssi-

687 4549 792 4615 graoit‚
816 4555 964 4613 sectamque
981 4547 1145 4600 Antisthenis
1165 4555 1191 4600 et
1213 4549 1327 4601 Cratetis
1343 4553 1423 4616 otpne
1440 4548 1526 4615 ipsias
1544 4551 1674 4619 Diogenis
1691 4556 1810 4615 secutos,
1839 4549 1908 4600 inter

691 4633 802 4698 Cynicos
815 4650 868 4684 non
884 4631 1019 4683 incelebris
1035 4633 1194 4698 liniebatur,
1215 4633 1244 4684 id
1260 4633 1434 4700 qaod-etiarn
1451 4634 1545 4687 elucet
1561 4653 1595 4687 ex
1610 4635 1686 4700 (Vll,
1708 4637 1749 4697 13,
1768 4635 1822 4698 11.)
1842 4649 1906 4684 ser-

687 4714 747 4768 bis:
777 4717 834 4768 Seis
863 4751 892 4767 ..
917 4723 1023 4782 praeter
1047 4717 1116 4768 hanc
1143 4719 1266 4771 restitans
1296 4719 1343 4786 pai
1366 4734 1407 4770 me
1432 4720 1501 4787 tegit
1527 4720 1596 4771 nitu
1620 4737 1660 4771 nse
1682 4720 1711 4771 in
1732 4719 1803 4784 omni
1829 4735 1909 4770 cerasa

688 4800 766 4851 aliud
782 4800 890 4851 dobner
913 4802 985 4852 unde
1001 4818 1049 4852 nee
1065 4818 1154 4852 servm
1170 4803 1235 4853 nita·
1259 4810 1312 4865 est,
1334 4821 1382 4856 nee
1405 4812 1434 4857 si
1460 4805 1496 4857 sit
1517 4811 1586 4871 opto.
1626 4804 1788 4869 Praeterea¹
1803 4799 1910 4857 dicitnr

688 4882 728 4948 (l,
758 4888 805 4950 16,
830 4886 884 4948 38.)
911 4888 1005 4954 granis
1030 4886 1072 4938 eir
1100 4893 1125 4937 et
1154 4894 1262 4939 ornosm
1292 4892 1321 4939 et
1332 4887 1385 4952 ·.(l,
1411 4891 1459 4953 lts,
1487 4890 1519 4953 43
1548 4888 1614 4955 Vll,
1644 4892 1691 4954 13,
1722 4891 1759 4955 9.)
1785 4891 1909 4957 Aegypte

756 5038 802 5097 ²²)
822 5035 882 5088 Vid.
906 5036 1044 5089 Bruclreri
1067 5035 1142 5088 llist.
1166 5035 1227 5088 crit
1248 5037 1320 5105 plril.
1346 5039 1431 5103 cll,
1461 5057 1489 5106 p.
1511 5042 1572 5091 273.
1602 5044 1629 5093 et
1653 4996 1859 5107 licat—Ency-cl.
1882 5037 1909 5090 d.

688 5103 772 5155 elass-
791 5103 846 5155 Ait.
865 5104 951 5155 Wiss.
971 5122 992 5155 s.
1010 5105 1039 5155 lr.
1057 5120 1083 5155 v.

756 5174 801 5231 18)
819 5171 858 5223 An
874 5173 948 5225 torte
965 5172 1142 5224 scribendam
1159 5174 1203 5222 est
1222 5172 1371 5238 Dprnriusl
1404 5172 1453 5226 Sie
1469 5181 1545 5225 certe
1560 5173 1584 5235 1,
1601 5178 1627 5238 1,
1648 5177 1672 5224 1.
1691 5172 1800 5241 legitur
1818 5173 1846 5225 in
1866 5172 1909 5224 ed.

686 5236 766 5306 Rip,
795 5256 884 5307 acque
906 5239 1054 5308 quidqaalu
1079 5244 1220 5291 enotatnm
1240 5245 1285 5291 est
1307 5258 1323 5291 e
1341 5240 1402 5293 cod.
1419 5241 1450 5293 P.
1497 5241 1531 5294 lu
1549 5240 1624 5295 libro
1641 5240 1691 5293 vll
1709 5242 1770 5295 cod.
1785 5242 1815 5294 Η
1832 5241 1911 5295 lavet

679 5306 845 5371 scripturae
861 5310 1003 5377 Dyrarins,
1025 5324 1108 5377 paam
1129 5307 1219 5361 semel
1238 5305 1355 5361 exhibet
1370 5307 1431 5360 cod.
1448 5307 1478 5361 Α.
