5092 6425
706 911 765 980 DE
785 909 894 978 DIFF.
914 908 971 978 ΕΤ
993 906 1083 978 SOC.
1105 905 1264 976 GRAECI
1284 907 1467 990 LATINIQ.
1487 907 1624 977 VERBI.
1666 912 1721 978 111.
1763 912 1827 980 235

659 1083 693 1157 ,Ξ
719 1085 769 1164 Ψ,
803 1077 907 1160 aliga
935 1075 1013 1159 ἕψω.
1055 1079 1149 1166 Apud
1169 1080 1312 1159 Latinos,
1351 1099 1484 1166 quorum
1506 1080 1626 1146 nullum
1645 1081 1773 1149 verbum
1796 1084 1857 1160 in4

656 1169 780 1235 finalem
812 1168 958 1254 syllabam
989 1165 1124 1232 admittit
1154 1174 1330 1243 accentum,
1371 1175 1492 1231 cessant
1525 1166 1717 1233 differentiae
1752 1190 1828 1254 quas

656 1254 739 1341 apud
760 1255 894 1322 Graecos
918 1252 1133 1317 circumflexus
1153 1252 1292 1337 gravisve
1312 1251 1465 1328 lecerunt,
1486 1272 1619 1337 quoram
1640 1254 1772 1320 alterum
1795 1256 1828 1320 in

656 1341 758 1405 verbis
783 1340 909 1405 ultimae
933 1338 1064 1402 alterum
1088 1337 1295 1423 paenultimae
1317 1336 1477 1402 Graeciam
1498 1338 1632 1406 diximus
1654 1339 1828 1426 deputasse.

655 1427 765 1492 Restat
787 1425 881 1510 igitur
903 1423 934 1487 in
957 1422 1004 1488 his
1023 1423 1181 1488 Latinitati
1203 1444 1285 1489 unus
1306 1431 1463 1501 accentus,
1503 1445 1626 1509 gravem
1649 1426 1734 1505 dico,
1795 1428 1856 1502 ui5

656 1513 741 1577 solus
764 1513 904 1576 Romana
932 1509 1026 1576 verba
1052 1510 1180 1575 sortitus
1208 1518 1269 1574 est:
1309 1507 1362 1574 sed
1391 1507 1450 1574 lroc
1479 1512 1638 1596 proprium
1664 1513 1696 1576 in
1725 1448 1828 1579 varlas

655 1597 774 1662 Latinis
796 1595 905 1673 babet,
938 1594 1022 1681 quod
1043 1615 1106 1660 non
1134 1616 1273 1680 semper,
1305 1602 1341 1659 ut
1361 1594 1443 1680 apud
1464 1594 1614 1675 Graecos,
1645 1597 1699 1663 ubi
1725 1599 1828 1678 luerit,

656 1682 690 1747 in
715 1681 938 1768 paenultimam
969 1680 1116 1766 syllabam
1140 1681 1235 1760 cadit,
1276 1678 1441 1765 sedsaepe
1464 1688 1496 1745 et
1517 1701 1534 1746 a
1556 1682 1617 1747 fine
1638 1684 1761 1749 tertiam
1784 1693 1829 1750 te·

656 1774 725 1847 net,
761 1775 798 1832 ut
823 1787 932 1864 appeto
958 1768 1064 1852 resero.
1108 1764 1200 1845 Quod
1222 1766 1303 1852 apud
1327 1765 1462 1852 Graecos
1482 1787 1545 1832 non
1574 1776 1676 1854 potest
1695 1769 1859 1850 evenire,b

656 1852 739 1939 apud
759 1872 838 1937 quos
860 1872 892 1915 in
913 1850 1069 1915 communi
1095 1851 1200 1938 lingua
1222 1852 1289 1917 lieri
1317 1872 1378 1916 non
1401 1859 1518 1937 potest,
1550 1862 1601 1931 ut,
1630 1874 1700 1919 cum
1729 1855 1830 1920 finalis

657 1937 774 2023 syllaba
797 1937 887 2022 longa
908 1943 965 2015 est,
987 1936 1097 2001 tertius
1121 1957 1137 2002 a
1161 1937 1223 2002 line
1242 1937 1394 2003 habeatur
1411 1946 1568 2003 accentus:
1595 1941 1630 2003 Ω
1652 1949 1756 2005 autem
1776 1962 1831 2006 na·

656 2023 800 2088 turaliter
824 2023 915 2107 longa
937 2029 996 2086 est:
1025 2042 1098 2108 ergo
1119 2044 1288 2108 numquam
1310 2031 1453 2088 accentus
1476 2024 1507 2087 in
1530 2023 1708 2090 huiusmodi
1729 2027 1831 2092 verbis

658 2108 739 2192 apud
761 2108 830 2172 illos
858 2108 1039 2172 intertium
1062 2108 1190 2192 gradum
1217 2108 1402 2195 syllabarum
1431 2107 1555 2176 recedit.
1597 2109 1723 2195 Singula
1752 2118 1858 2183 tem-'l

658 2215 734 2281 pora
757 2194 946 2260 Graecorum
971 2193 1136 2268 verborum
1159 2215 1222 2259 non
1244 2193 1440 2279 simpliciter,
1478 2194 1558 2260 sicut
1576 2195 1726 2261 Latinitas
1747 2217 1831 2262 com·

659 2279 772 2366 pendia
792 2279 908 2357 utitur,
929 2278 1142 2364 proferuntur:
1165 2287 1210 2355 et,
1232 2287 1268 2345 ut
1287 2279 1420 2364 exempli
1439 2299 1529 2344 causa
1551 2280 1645 2347 unius
1666 2282 1752 2347 verbi
1778 2282 1831 2348 de·

659 2365 783 2430 clinatio
805 2372 939 2443 notetur,
958 2360 1067 2430 τύπτω
1090 2365 1258 2450 perlectum
1279 2365 1352 2430 lacit
1368 2361 1501 2449 τέτυφα,
1519 2373 1551 2430 et
1572 2367 1714 2452 sequitur
1734 2368 1831 2435 altera

658 2450 796 2516 eiusdem
820 2451 969 2536 temporis
991 2450 1164 2528 declinatio,
1184 2451 1269 2537 quod
1290 2450 1426 2516 medium
1449 2451 1618 2534 perlectum
1641 2461 1761 2531 vocant,
1781 2451 1830 2518 τὲ-

657 2557 760 2602 rvaa:
787 2536 861 2602 item
885 2536 1258 2622 plusquamperfectum
1282 2531 1463 2622 ἐτετύφειυ,
1487 2537 1622 2603 medium
1645 2538 1714 2624 plus
1737 2559 1830 2624 quarn

657 2622 827 2772 perlectum
851 2618 1026 2686 ἐτετύττειν·
1069 2618 1225 2707 ἀορίστου
1246 2620 1364 2703 ianua,
1395 2619 1497 2704 μέσου
1518 2618 1674 2709 ἀορίστου
1697 2621 1832 2692 l'rvnou:

670 2716 796 2775 uturum
817 2708 952 2795 primum
974 2706 1047 2774 lacit
1065 2703 1169 2789 τύψυ,
1189 2707 1329 2777 laturum
1349 2708 1519 2777 seeundum
1537 2711 1638 2776 τυπῶ.
1682 2709 1831 2779 Similiter

657 2793 690 2859 in
711 2795 834 2880 passivo
852 2795 1011 2862 variantur
1032 2802 1181 2883 tempora.

1657 2950 1722 3013 [Ed.
1741 2966 1764 3004 e.

658 3046 730 3082 mam
747 3032 1185 3100 escecalueruntpraecedentibut
1203 3029 1238 3099 Ξ,
1261 3023 1410 3099 ²1³}oiie'5m,
1429 3024 1498 3098 ἕψω.
1541 3033 1568 3085 4.
1602 3037 1656 3095 (6.)
1677 3036 1757 3103 Apud
1777 3036 1831 3087 ba·

658 3098 728 3152 tinea
747 3115 855 3165 quorum
872 3101 975 3150 nullum
993 3100 1099 3150 uerbum
1115 3100 1144 3149 in
1152 3100 1266 3164 finalem
1285 3100 1414 3164 syllabam
1432 3101 1549 3152 admittit
1567 3111 1711 3167 accentum,
1730 3110 1834 3157 cessant

660 3167 689 3219 di
712 3168 841 3233 eramiae,
873 3183 938 3235 puae
956 3167 1030 3234 apud
1052 3166 1166 3217 Graecos
1185 3166 1367 3231 circumflexus
1426 3167 1535 3234 acieque
1550 3170 1689 3234 ferment,
1724 3187 1832 3237 qnorum

659 3252 678 3287 a
689 3245 772 3288 terum
788 3237 816 3287 in
834 3238 918 3286 verbis
937 3236 1061 3296 ultimae,
1080 3236 1191 3286 alterum
1207 3234 1372 3302 penultimae
1417 3236 1533 3286 raeciam
1550 3236 1665 3287 dirimat
1683 3237 1832 3305 deputatae.

660 3306 685 3353 6.
724 3304 817 3356 Restat
833 3304 920 3371 igitur
940 3303 1084 3355 Latinitati
1100 3303 1129 3353 in
1146 3301 1187 3352 liis
1205 3318 1276 3353 unua
1291 3308 1427 3363 areentur,
1459 3318 1571 3370 gravem
1590 3304 1662 3368 dico,
1696 3306 1743 3372 pai
1761 3307 1834 3358 caina

661 3372 785 3425 Romana
801 3374 880 3422 cerba
895 3372 1002 3423 sortitur
1021 3379 1074 3432 τοι,
1096 3371 1142 3422 aed
1159 3369 1207 3420 boc
1220 3369 1358 3437 preprium
1374 3369 1403 3419 in
1420 3370 1505 3420 verbis
1525 3369 1630 3422 Latinis
1648 3372 1740 3437 babet,
1763 3374 1834 3441 quad

659 3456 713 3491 uon
731 3456 839 3507 semper,
857 3447 886 3491 at
903 3439 977 3507 apud
998 3438 1120 3519 Graepor,
1139 3437 1292 3501 edisceret,
1305 3438 1334 3487 in
1349 3437 1524 3503 penultimam
1539 3439 1669 3505 apllabam
1688 3441 1770 3503 cadit,
1788 3441 1834 3493 red

660 3504 1579 3642 tati?titi,titttttt'tttt‘at‘tttt'tntltga
1590 3509 1834 3643 imililpiii‘f

661 3652 705 3709 ut,
728 3660 786 3694 cum
797 3644 893 3707 finalia
912 3642 1016 3709 syllaba
1034 3644 1118 3711 longa
1134 3649 1186 3706 est,
1210 3641 1304 3694 tertiae
1321 3658 1339 3691 a
1349 3641 1409 3705 fine
1425 3641 1554 3693 habeatur
1570 3649 1699 3694 arceatur.
1737 3643 1764 3695 Si
1781 3662 1834 3696 au·

661 3720 714 3764 tem
731 3712 892 3763 naturaliter
908 3712 1027 3780 longum
1048 3713 1092 3771 ¹²)
1111 3717 1158 3772 ert,
1177 3726 1240 3779 erga
1256 3724 1399 3775 numquam
1418 3717 1540 3761 accentus
1558 3711 1586 3760 in
1603 3711 1755 3764 huiuamodi
1772 3729 1834 3764 oer-

661 3781 701 3833 bis
723 3780 795 3848 apud
819 3780 880 3831 illos
900 3780 1052 3831 intertium
1073 3780 1191 3847 gratim
1209 3778 1371 3845 syllabarum
1391 3778 1498 3830 recedit.
1535 3778 1599 3829 Sed
1622 3780 1662 3829 ad
1683 3782 1834 3848 proposi-

661 3855 727 3929 tum
748 3855 960 3929 revertamur.
1000 3846 1142 3898 Omnium
1164 3846 1278 3949 igitpr
1298 3846 1468 3927 ceriarum
1494 3847 1582 3914 apud
1607 3846 1748 3899 Latinos
1772 3866 1834 3900 om-

661 3934 739 4035 dllrl
752 3920 1116 4049 ie'lopppppppappxaipppst,
1126 3913 1710 4046 llldllcad’aclclledlldrlrllsdifcsuellle'rlllildd
1718 3933 1834 4037 rllalrlaedn

662 4052 940 4120 coniugationum
962 4069 1024 4102 nan
1042 4051 1074 4102 in
1090 4050 1212 4117 prima,
1248 4050 1308 4101 aed
1326 4049 1360 4099 in
1381 4050 1524 4101 secunda
1540 4065 1682 4116 persana
1704 4051 1834 4105 Graeca

663 4122 854 4187 quaerimus
880 4118 1044 4186 cample,
1079 4117 1165 4184 quod
1189 4117 1276 4184 apud
1294 4116 1382 4167 illae
1404 4117 1438 4167 in
1464 4117 1547 4168 ralia
1573 4117 1834 4182 circumflexili-

663 4188 722 4238 bur
741 4189 786 4246 ¹⁴)
808 4186 979 4237 obseruari
998 4184 1090 4236 colet.
1129 4183 1236 4251 Prima
1259 4196 1339 4252 erga
1360 4183 1561 4234 Latinorum
1584 4184 1782 4253 coniugatio
1800 4189 1836 4239 in

664 4256 808 4307 secanda
824 4269 968 4320 perrona
982 4252 1112 4320 primae
1130 4251 1316 4318 positionis
1332 4251 1432 4302 cerlo
1455 4251 1566 4302 actico
1588 4259 1620 4304 ct
1638 4260 1756 4304 neutra
1777 4254 1835 4308 lta-

663 4324 722 4376 bat
760 4323 783 4372 A
807 4354 850 4372 ...
873 4319 901 4379 ¹2)
924 4320 1025 4389 grani
1046 4325 1182 4370 accentu
1207 4325 1297 4370 sunt.
1348 4322 1374 4368 7.
1409 4322 1464 4380 (i.)
1487 4318 1605 4386 Singula
1628 4326 1745 4386 tempera
1770 4319 1835 4389 [om.

667 4391 826 4443 Graecorum
843 4387 988 4453 perimam]
1007 4404 1060 4438 non
1077 4386 1230 4450 simpliciter
1248 4385 1313 4451 [om.
1335 4386 1402 4439 sicat
1479 4386 1574 4452 utitur]
1591 4391 1777 4454 proferuntur,
1801 4398 1836 4455 et,

663 4465 694 4510 ut
712 4456 823 4523 exempli
840 4472 922 4507 eausa
938 4456 1018 4506 unias
1035 4454 1109 4505 verbi
1126 4454 1268 4505 declinatio
1286 4460 1405 4519 notetur,
1436 4446 1529 4505 riman
1544 4457 1689 4522 pery'ectnm
1705 4458 1777 4520 facit
1795 4454 1838 4510 τέ-

664 4540 751 4592 rapa,
770 4532 794 4575 et
809 4524 927 4591 requitur
943 4524 1029 4575 altera
1046 4522 1162 4574 eiusdem
1176 4521 1301 4588 temporit
1321 4524 1366 4581 18)
1385 4521 1537 4581 declinatio,
1555 4524 1625 4590 quod
1643 4524 1757 4575 medium
1772 4542 1836 4593 per·

658 4596 762 4660 sectum
777 4599 886 4655 cocant,
914 4584 1026 4642 τέτυτια.
1062 4589 1127 4641 Item
1165 4589 1430 4658 luspaamperseetum
1447 4582 1599 4657 ἔτετῦφειν,
1629 4592 1744 4643 medium
1759 4595 1836 4659 plur-

665 4663 893 4741 quampersectum
908 4651 1057 4738 {terrineam
1079 4650 1131 4724 dep
1144 4668 1210 4708 στου
1228 4652 1333 4724 ianua,
1353 4652 1439 4736 pinpo
1455 4650 1593 4738 deplorari·
1605 4652 1714 4740 ἔτυτου.
1749 4662 1837 4742 Fatu-

663 4745 847 4851 ttttll
859 4725 1838 4867 atttritldlttuzttitbitit,,lilttttttttttt

698 4936 725 4983 5.
760 4931 805 4999 qui
823 4968 848 4981 ..
864 4930 972 4982 sortitus
988 4927 1035 4995 eat]
1060 4926 1103 4979 Gi.
1121 4926 1211 4995 prael.
1277 4930 1303 4992 ⁴,
1322 4926 1352 4993 §5
1370 4930 1397 4992 a,
1415 4927 1443 4989 l,
1462 4930 1498 4989 6.,
1521 4930 1587 4991 nb,
1606 4928 1636 4995 §5
1652 4933 1671 4981 't
1690 4934 1719 4981 et
1736 4933 1793 4995 143
1813 4948 1838 4984 c.

700 5004 727 5050 6.
766 5000 793 5051 Ω
806 5007 893 5050 autem
908 4998 1068 5050 naturaliter
1085 4993 1226 5064 tangant]
1276 5000 1310 5060 9,
1334 4994 1364 5061 §i
1385 4999 1399 5046 1
1420 5001 1447 5047 et
1463 4997 1504 5057 6.,
1525 4996 1582 5052 ,aad
1601 4998 1686 5049 etiam
1706 4998 1838 5051 feminini

665 5067 855 5119 Endlielrcraa
886 5064 993 5133 recepit
1025 5064 1053 5116 id
1089 5064 1162 5129 quod
1197 5062 1227 5115 iu
1277 5062 1464 5131 generiruoa
1484 5063 1742 5133 decantarempla,
1766 5072 1795 5119 ut
1813 5083 1837 5118 c.

667 5136 729 5185 aad.
741 5134 763 5184 V
776 5150 793 5187 a
804 5134 894 5203 prime
906 5150 988 5185 manu
999 5138 1042 5185 cet
1060 5137 1226 5194 correctum,
1277 5132 1331 5197 Μ
1349 5135 1385 5195 tn,
1404 5129 1453 5182 nbi
1469 5130 1526 5183 rid.
1543 5137 1601 5184 not.
1636 5133 1698 5183 lloc
1716 5134 1778 5184 loco
1797 5133 1839 5194 (ai

667 5202 803 5283 longum,
828 5208 941 5254 ateana
959 5199 1172 5268 plerumqaein
1192 5198 1229 5251 li·
1277 5199 1351 5251 forte
1378 5198 1481 5259 marie)
1506 5206 1623 5281 propter
1645 5200 1840 5256 antecedentia

667 5274 739 5321 torn
764 5268 807 5336 alp
827 5266 970 5322 iuvenitur
992 5275 1156 5335 usurpatum
1178 5283 1229 5336 ge·
1278 5270 1373 5336 pateat
1389 5266 1517 5335 intelligi
1534 5269 1622 5337 longa
1639 5267 1760 5337 syllaba.

668 5354 721 5391 naa
739 5340 870 5390 neutram
886 5334 916 5390 in
932 5335 1118 5403 hoclibello,
1149 5341 1181 5389 at
1203 5350 1228 5388 a.
