5092 6425
671 897 723 942 nir
1119 865 1453 938 PROLEGOMENA.

671 1040 900 1098 atouxxxvnt.
921 1041 964 1102 ¹⁰)
991 1036 1097 1090 ibidem
1121 1036 1150 1090 in
1177 1039 1269 1090 lucem
1294 1037 1384 1092 edidit
1406 1037 1430 1090 1.
1455 1035 1660 1102 Opsopoeas
1683 1051 1700 1088 e
1723 1034 1824 1087 codice
1846 1035 1894 1088 Pi·

670 1130 748 1184 tboei
768 1129 824 1194 (Ρ).
857 1126 936 1176 Haeo
954 1129 1101 1192 excerpta,
1132 1139 1204 1190 quae
1228 1121 1330 1174 Elias
1355 1120 1543 1173 Putselrius
1566 1119 1747 1174 Haaoviae
1770 1121 1893 1174 tincti.

670 1214 777 1283 recepit
794 1213 823 1265 in
840 1209 1050 1264 Grammaticos
1066 1216 1175 1262 veteres
1192 1227 1218 1277 p.
1231 1209 1416 1272 arat-2115„
1441 1222 1504 1257 eum
1520 1204 1624 1256 ceteris
1641 1205 1782 1258 Macrobii
1799 1206 1893 1273 operi-

669 1303 722 1354 bns
742 1298 865 1367 primum
884 1295 1031 1348 coniuncta
1052 1293 1142 1346 edidit
1159 1293 1265 1344 lo.1s.
1289 1293 1486 1355 Pantanus,
1505 1289 1670 1357 Lugduni
1689 1290 1893 1343 Batavorum

668 1400 697 1438 a·
716 1383 879 1437 Moxcvu.
899 1382 974 1448 (pl),
1002 1379 1049 1447 qui
1068 1384 1215 1446 praeterea
1233 1384 1348 1429 secutus
1367 1384 1411 1429 est
1427 1375 1539 1429 omnino
1558 1374 1709 1427 editionem
1725 1375 1895 1444 Stephanio-

668 1487 734 1524 nem
755 1470 813 1533 ¹¹),
842 1468 899 1520 nisl
916 1465 989 1532 qnod
1008 1465 1115 1531 recepit
1131 1479 1202 1530 quae
1219 1462 1398 1514 Francolurti
1417 1476 1444 1513 a.
1464 1459 1667 1513 Mubxxxlv.
1687 1462 1716 1514 in
1734 1462 1895 1516 Noraotl·

668 1555 747 1624 quis
769 1551 995 1606 Lectionibus
1019 1567 1036 1602 e
1058 1549 1203 1601 codicibus
1228 1547 1394 1614 quibusdam
1410 1546 1681 1599 Commentariorum
1702 1547 1731 1599 iu
1748 1547 1893 1603 Samnium

668 1640 810 1708 Scipionis
834 1638 863 1692 iu
884 1638 1009 1691 medium
1032 1634 1188 1704 protulerat
1210 1632 1423 1684 Franciseus
1445 1631 1583 1684 Medios
1605 1635 1662 1698 ¹¹),
1690 1637 1718 1684 et
1740 1632 1769 1684 in
1794 1632 1894 1685 Satur·-

667 1725 779 1778 nalibus
795 1723 863 1776 libri
879 1723 929 1775 lll.
947 1729 1010 1775 octo
1027 1723 1126 1774 ultima
1143 1717 1237 1784 capita
1255 1715 1402 1771 transtulit
1418 1716 1445 1767 in
1460 1715 1563 1768 librum
1581 1717 1629 1782 ΙΙ.,
1645 1723 1729 1784 atque
1745 1717 1828 1770 libris
1843 1718 1894 1771 111.

668 1815 697 1862 et
715 1810 760 1862 iv.
784 1808 900 1862 exordia
922 1814 951 1861 et
974 1806 1055 1861 libris
1074 1805 1125 1858 lll.
1144 1809 1173 1856 et
1190 1804 1234 1855 111.
1252 1803 1397 1855 clausulas
1415 1801 1540 1868 attinxit,
1567 1807 1699 1868 secutus,
1730 1809 1762 1856 at
1779 1803 1821 1856 uit
1841 1806 1892 1869 ¹³),

667 1985 766 2036 multis
783 2000 897 2035 suorum
913 1985 1083 2050 scriptorum
1103 1979 1174 2033 locis
1189 1997 1252 2031 osse
1270 1978 1449 2032 notissimum
1471 1984 1527 2032 est:
1547 2014 1593 2032 ...
1613 1978 1655 2030 ita
1673 1977 1759 2032 etiam
1777 1994 1892 2047 operam

667 2051 745 2115 «teat,
774 2059 805 2103 ut
819 2052 920 2103 boram
938 2052 970 2116 (i.
991 2067 1015 2102 c.
1032 2049 1201 2117 scriptoram
1220 2048 1428 2111 Gellianorom)
1445 2048 1565 2100 editioni
1586 2064 1680 2099 comes
1696 2047 1813 2100 illorum
1832 2048 1893 2100 edi-

667 2119 707 2171 tio
724 2137 789 2172 esse
807 2125 909 2187 posset.
944 2118 1003 2171 Nec
1023 2135 1088 2170 vero
1107 2118 1199 2170 minus
1216 2115 1318 2167 auxilii
1335 2115 1416 2168 illias
1435 2133 1516 2183 quam
1536 2114 1621 2167 baias
1641 2114 1756 2182 scriptis
1777 2133 1792 2167 e
1809 2117 1892 2168 libris

666 2188 809 2241 veteribus
826 2188 945 2240 allatum
969 2185 1039 2238 luit:
1069 2190 1229 2244 autcario,
1256 2183 1281 2234 si
1304 2183 1411 2249 minus,
1437 2201 1491 2236 nou
1512 2183 1720 2235 multominus.
1756 2184 1892 2250 Quamvis

666 2254 741 2307 enim
762 2255 924 2307 Ioaebimus
945 2252 1123 2305 Camerarius
1205 2251 1342 2319 plurimos
1366 2253 1444 2303 locos
1463 2253 1490 2303 in
1508 2251 1691 2319 llersagiaoa
1707 2251 1831 2304 editione

666 2323 858 2388 emendasset,
885 2322 961 2374 baud
988 2321 1135 2389 pauciores
1157 2326 1205 2372 aut
1230 2321 1316 2386 paulo
1342 2319 1489 2386 panciores
1512 2319 1704 2371 inemendatos
1727 2320 1893 2386 reliquerat.

667 2392 759 2458 Quum
776 2391 872 2458 itaque
885 2389 1045 2441 leudoricus
1061 2387 1160 2440 carrio
1178 2387 1253 2439 sicut
1271 2387 1402 2439 Gelliana
1417 2387 1457 2439 ita
1475 2393 1503 2438 et
1518 2387 1699 2439 Maorobians
1717 2389 1893 2455 exemplaria

665 2465 763 2511 vetera
782 2476 845 2511 cum
862 2457 974 2509 excusis
993 2457 1174 2520 contulisset,
1195 2455 1267 2520 quod
1287 2456 1316 2506 in
1335 2455 1431 2507 Gellio
1448 2455 1588 2521 feceram,
1608 2455 1683 2507 idem
1702 2455 1798 2507 statim
1816 2464 1845 2508 et
1863 2456 1892 2507 in

665 2525 811 2577 Macrobio
833 2525 904 2587 ieci3
931 2525 1062 2576 absoluta
1086 2525 1159 2575 enim
1183 2521 1263 2574 illius
1286 2521 1472 2589 impressione
1550 2539 1633 2590 quam
1652 2522 1773 2590 priunum
1793 2524 1891 2576 eodem

665 2593 748 2644 modo
763 2598 791 2645 et
807 2592 879 2658 apud
899 2590 1015 2642 eundem
1033 2589 1240 2658 typographum
1260 2589 1335 2641 banc
1352 2590 1511 2658 procurari.
1606 2591 1758 2657 Sperabam
1775 2599 1804 2642 ct
1820 2609 1892 2660 gau-

666 2660 766 2711 debam
788 2660 850 2711 iore
873 2665 904 2710 ut
926 2659 1061 2725 quaedam
1084 2659 1170 2709 huius
1192 2656 1355 2724 scriptoris,
1386 2676 1458 2725 quae
1480 2659 1602 2711 nondum
1620 2659 1648 2710 in
1667 2660 1759 2710 iucem
1776 2660 1891 2724 prodie-

665 2734 743 2792 runt,
768 2727 803 2778 ad
826 2726 952 2793 linguam
971 2726 1109 2777 Graecam
1129 2725 1311 2793 pertinentia,
1340 2743 1395 2780 una
1414 2742 1477 2778 cum
1496 2726 1615 2778 caeteris
1629 2726 1690 2778 eius
1709 2727 1844 2793 operibus
1863 2728 1896 2780 ia.

664 2795 719 2847 bac
737 2793 860 2847 editione
880 2793 908 2844 in
928 2793 1071 2861 publicum
1089 2793 1227 2845 venirent.
1313 2793 1352 2845 Ea
1371 2800 1437 2847 erint
1455 2811 1526 2860 quae
1545 2794 1703 2863 inscripsit:
1722 2795 1769 2846 De
1788 2797 1890 2862 diffe-

664 2865 785 2915 rentiis
811 2870 841 2914 et
871 2863 1092 2914 societatibus
1119 2862 1235 2914 Graeci
1256 2861 1437 2929 Latinique
1462 2862 1573 2925 uerbi,
1608 2864 1652 2914 sel
1676 2862 1770 2929 potius
1797 2880 1831 2914 ex
1857 2881 1890 2917 eo

665 2947 747 2997 quem
764 2929 805 2983 ita
824 2928 1008 2995 inscripserat
1026 2929 1100 2981 libro
1118 2937 1264 2996 excerpta:
1287 2930 1336 2980 sed
1354 2947 1438 2996 quom
1457 2946 1502 2981 me
1520 2929 1613 2996 ipsum
1631 2947 1664 2982 ex
1682 2929 1773 2982 reteri
1791 2931 1822 2983 P.
1838 2931 1890 2984 Pi-

664 2997 758 3051 tbooi
834 2996 990 3063 exemplari
1008 3013 1042 3048 ea
1061 2997 1223 3049 describere
1244 3014 1361 3049 necesse
1376 2998 1464 3060 ieret,
1479 2999 1554 3064 'quod
1577 2998 1716 3050 nerninem
1734 2997 1890 3053 invenirem

663 3066 709 3117 cui
724 3066 779 3117 boc
797 3064 920 3117 muneris
937 3064 1129 3133 iniungomm,
1159 3073 1186 3116 ct
1204 3065 1270 3117 aliis
1285 3074 1377 3118 tamen
1397 3067 1481 3118 rebus
1498 3072 1652 3132 occupatus
1666 3084 1774 3126 essem,
1805 3083 1890 3120 unam

662 3139 770 3185 tantam
789 3139 897 3201 partem
920 3133 1072 3200 descripsi,
1101 3134 1235 3196 alteram,
1263 3149 1347 3199 quarn
1370 3128 1494 3200 oqotoioos
1518 3127 1575 3186 ἀπὸ
1594 3133 1651 3186 τῶν
1667 3134 1720 3187 usis
1736 3129 1784 3200 ἐμὲ
1805 3129 1891 3203 ἄσχο-

661 3196 796 3268 totiacus,
823 3200 1027 3269 descripturus.
1061 3200 1117 3254 Sed
1141 3201 1194 3253 boc
1219 3202 1322 3253 saltem
1348 3201 1462 3253 interim
1489 3200 1540 3254 tibi
1566 3201 1722 3271 gratificari
1749 3202 1835 3268 libet,
1859 3209 1890 3258 at

661 3286 746 3336 qoam
769 3270 931 3323 Macrobius
955 3270 1001 3321 illi
1024 3269 1157 3322 tractatui
1183 3270 1261 3321 volnt
1287 3269 1539 3336 praeistiunculem
1560 3270 1692 3339 praefixit
1713 3274 1790 3336 (eura
1813 3272 1889 3324 enim

662 3338 711 3405 qai
738 3336 790 3390 illa
812 3356 846 3390 ex
873 3355 906 3390 eo
934 3339 1076 3404 excerpsit
1100 3338 1213 3407 singnis
1234 3338 1321 3390 huius
1344 3340 1430 3390 verba
1453 3337 1579 3391 fideliter
1598 3345 1666 3407 puto
1689 3339 1889 3407 descripsisse)

663 3406 718 3459 tibi
736 3422 899 3473 proponam.
935 3407 975 3458 lla
994 3406 1084 3473 igitar
1102 3412 1145 3457 est
1163 3406 1340 3457 huiusmodi:

734 3475 852 3527 Graecae
872 3476 1039 3557 Latinaeque
1061 3476 1174 3543 linguae
1197 3475 1442 3528 coniunctissimum
1463 3473 1672 3527 coniunctionem
1693 3481 1795 3527 adura
1816 3475 1889 3529 dedit

660 3541 1070 3660 lnbbbalibglbecmbllffbbbl
1085 3550 1253 3675 gbbbnbbbis
1278 3607 1392 3668 aliunde
1410 3608 1501 3659 iateor
1519 3624 1582 3659 esse
1600 3613 1682 3659 nota:
1706 3607 1755 3659 sed
1776 3614 1844 3662 sunt
1860 3614 1889 3661 et

660 3674 799 3741 quaedam
818 3691 835 3726 a
857 3674 955 3741 paucis
978 3676 1100 3727 fortasse
1123 3676 1329 3727 animadversa.
1425 3675 1489 3726 Hae
1506 3669 1728 3743 συγγραμμάτιον
1745 3693 1808 3727 enm
1825 3693 1888 3729 mes

661 3742 788 3794 eiusdem
808 3743 868 3792 iere
889 3742 1051 3809 argumenti
1074 3743 1215 3794 editurum
1235 3760 1280 3794 me
1300 3742 1462 3809 propediem
1481 3746 1599 3809 spero;“
1620 3772 1656 3783 -
1680 3750 1708 3794 et
1725 3744 1754 3795 in
1773 3746 1888 3812 pracia-

661 3810 753 3861 tione:
777 3808 883 3870 „Multi
903 3810 1023 3861 tortasse
1042 3827 1181 3875 nunquam
1200 3816 1347 3877 putassent
1365 3812 1425 3862 iore
1443 3817 1555 3878 etpost
1574 3810 1655 3862 illam
1674 3812 1887 3879 llervsgianasn

660 3876 797 3929 Macrobii
814 3872 922 3928 ἔκδοσιν
999 3881 1041 3927 tot
1064 3878 1119 3929 loci
1144 3878 1247 3945 reliqui
1270 3884 1365 3929 essent
1388 3878 1436 3945 qui
1458 3879 1602 3944 negotium
1628 3878 1680 3930 tibi
1702 3879 1888 3945 lacesserent,

660 3950 833 3996 et'veterum
853 3943 1056 4010 exemplarium
1070 3962 1150 4012 opem
1169 3946 1364 4012 implorarent.
1397 3946 1569 3999 Praesertim
1587 3964 1653 3998 vero
1671 3948 1705 3998 ad
1724 3947 1888 4002 Saturnalia

660 4012 720 4065 sire
735 4012 771 4064 ad
789 4012 1016 4064 saturnaliorum
1032 4012 1223 4066 conviviorum
1242 4014 1331 4066 libros
1349 4016 1421 4080 qnod
1441 4014 1553 4081 attinet,
1567 4014 1661 4065 minus
1679 4015 1714 4065 de
1730 4015 1767 4066 iis
1786 4016 1888 4069 timeo-

660 4082 725 4133 dum
743 4081 798 4133 hoe
815 4097 878 4132 esse
896 4080 1051 4132 videbatur.
1143 4082 1177 4134 At
1197 4098 1263 4133 eece
1283 4083 1366 4134 multi
1385 4089 1477 4133 tamen
1496 4082 1561 4145 loci,
1581 4089 1630 4133 aut
1646 4084 1740 4149 potins
1759 4084 1885 4149 plurimi,

660 4166 695 4201 ne
714 4148 807 4202 dicam
823 4147 939 4213 infiniti,
957 4148 1076 4201 aliorum
1095 4156 1270 4202 vetustorum
1287 4150 1414 4202 codicum
1432 4150 1540 4201 auxilio
1558 4150 1693 4233 agebant,
1711 4151 1798 4212 (inter
1816 4169 1886 4219 qnos

658 4236 712 4270 non
733 4219 863 4270 ultimum
886 4217 979 4269 locum
1006 4222 1081 4269 tenet
1104 4218 1227 4285 isquam
1249 4218 1488 4269 commodatarii·
1510 4217 1691 4269 doctissimus
1712 4219 1815 4271 Petrus
1838 4220 1887 4272 Pi·

658 4287 761 4338 tlsoeus
786 4285 880 4349 dedit,
910 4290 941 4337 ut
962 4285 1010 4335 vix
1032 4285 1206 4368 loaehimum
1224 4286 1418 4368 Camerarinm
1444 4301 1509 4367 eam
1531 4302 1644 4350 operam
1669 4301 1788 4367 navasse
1809 4288 1885 4340 credi

657 4352 1141 4474 131“1.;.,11“111111111111
1154 4352 1885 4489 attestanti?ttrltttttltitt'la

656 4485 827 4552 quibusdam
844 4485 880 4535 ab
893 4502 927 4537 ea
944 4502 1016 4552 qoae
1033 4505 1088 4541 non
1107 4496 1214 4542 tantum
1232 4488 1261 4541 in
1279 4489 1333 4541 illa
1342 4487 1501 4541 camerarii
1517 4489 1641 4542 editione
1658 4526 1686 4542 ..
1704 4490 1755 4544 sed
1774 4492 1803 4544 iu
1821 4507 1886 4545 eac-

659 4553 730 4605 teris
748 4568 858 4617 quoque
878 4556 985 4605 extat.“
1869 4572 1871 4576 ·

728 4623 769 4684 ¹0)
790 4620 892 4671 Errare
912 4621 1024 4689 eosqui
1044 4622 1139 4676 dicant
1157 4624 1181 4675 1.
1202 4622 1417 4690 Opsopoeam
1444 4629 1576 4691 excerpta
1598 4623 1652 4676 illa
1674 4623 1798 4691 primum
1822 4625 1885 4679 edi-

657 4686 734 4738 disse
752 4704 777 4739 a.
795 4685 1016 4753 Moaxxxm„
1036 4692 1084 4755 (ci.
1102 4692 1146 4743 ed.
1163 4690 1276 4758 Bipont·
1295 4690 1383 4743 Notit·
1403 4693 1478 4745 liter.
1497 4710 1523 4761 p.
1539 4692 1593 4754 ιι.)
1610 4698 1688 4760 patet
1705 4709 1739 4745 ex
1757 4694 1796 4747 iis
1813 4711 1885 4763 qnae

657 4756 738 4807 modo
757 4755 948 4820 excerpsimus
970 4773 1004 4808 ex
1024 4758 1146 4823 epistola
1165 4760 1200 4812 11.
1219 4759 1366 4825 Stephani.

726 4822 768 4886 11)
795 4822 828 4873 ln
854 4827 971 4889 utraque
998 4824 1121 4878 editione
1147 4826 1221 4879 notis
1246 4828 1283 4879 ad
1305 4827 1467 4879 Saturnalia
1494 4828 1566 4880 baec
1591 4826 1741 4894 praemisit
1763 4826 1885 4881 Ponta-

656 4906 731 4940 nass
749 4888 864 4952 „Semel
882 4889 937 4941 boe
954 4890 1066 4946 dixeras
1085 4892 1223 4959 Steplrani
1239 4900 1356 4962 textum,
1375 4896 1422 4962 qui
1439 4895 1664 4960 optimussisus,
1682 4896 1885 4962 expressimus,

656 4956 1049 5079 nllialldlsbebllulbnbnlllbi
1067 4966 1116 5077 adut
1129 4961 1207 5080 illm
1227 4979 1307 5080 οἶοι
1325 4963 1421 5083 laetiq.
1456 4962 1605 5083 Οιᾶιιᾱῑςιιιιιι
1624 4964 1659 5059 de
1678 4962 1793 5031 Scripta
1812 4980 1885 5031 qaae

655 5043 672 5076 r
967 5043 983 5077 u
1058 5043 1075 5078 a
1112 5043 1128 5079 a
1161 5046 1254 5147 ograp
1271 5048 1317 5082 uns
1338 5048 1399 5094 pars
1415 5048 1478 5082 ere
1499 5049 1506 5081 ι
1530 5036 1622 5083 rmus-⁴

726 5092 767 5157 ¹²)
786 5092 866 5144 coni.
881 5084 1018 5159 epistolas
1036 5095 1110 5146 Vlll.
1129 5096 1188 5147 llll.
1206 5097 1230 5147 x
1257 5134 1263 5147 .
1281 5098 1393 5150 uixit.
1410 5097 1555 5150 LXXXIV.
1572 5098 1643 5149 xcl.
1661 5096 1722 5148 cti.
1739 5096 1836 5150 0le.

657 5226 665 5241 .
726 5161 768 5221 ¹³)
787 5160 867 5212 conl.
887 5176 970 5227 quam
989 5162 1138 5245 praemisit
1157 5163 1305 5230 epistolam
1324 5167 1358 5217 ad
1372 5166 1524 5248 Araoldum
1538 5165 1717 5218 Witieldinm
1735 5167 1884 5249 scriptam,

656 5243 685 5278 ιιι
700 5243 754 5293 qua
772 5228 906 5295 leguntur
923 5229 1009 5281 baeer
1039 5230 1109 5295 „Sic
1130 5248 1199 5353 ego,
1216 5232 1283 5284 dnm
1301 5234 1511 5287 adolescentiae
1528 5250 1608 5286 meae
1626 5239 1738 5300 captum
1754 5235 1884 5301 pbiloso-

647 5294 740 5357 pbise
758 5302 935 5366 naturaeque
955 5296 1077 5354 inventis
1095 5300 1142 5354 evi
1162 5316 1178 5353 e
1197 5315 1289 5369 augeo
1311 5318 1346 5355 ac
1363 5318 1463 5369 pasco,
1494 5300 1671 5356 secundariis
1688 5308 1783 5355 tamen
1802 5302 1883 5357 boris
