5092 6425
1183 883 1320 953 CAPUT
1340 885 1395 952 lv.
1839 913 1891 957 m

660 1061 691 1108 et
711 1056 862 1108 conrad.
883 1056 1104 1108 lleresbanb.
1138 1056 1212 1108 ldem
1231 1058 1280 1111 ille
1297 1057 1475 1111 Funcclna
1496 1058 1523 1124 (§
1541 1058 1674 1120 xxixa:
1693 1061 1818 1125 „Verum
1836 1076 1889 1115 sno

660 1149 804 1211 tempore,
821 1134 926 1206 inquit,
945 1154 1002 1192 non
1019 1143 1148 1206 vulgaris
1167 1145 1335 1196 eruditionis
1353 1146 1427 1195 lama
1441 1145 1579 1196 illustrem
1598 1149 1628 1195 et
1644 1159 1746 1210 magna
1763 1148 1891 1199 auctori-

662 1233 721 1279 late
740 1229 832 1280 luisse
850 1229 897 1277 vel
915 1227 980 1277 iude
998 1231 1089 1290 patet,
1116 1231 1189 1291 quod
1207 1231 1321 1282 Rufus
1338 1232 1465 1282 Festus
1485 1230 1701 1281 Avienus
1720 1231 1827 1292 etipse
1846 1232 1890 1283 vir

661 1313 826 1365 consularis
844 1312 1097 1363 eruditissimorum
1112 1315 1181 1365 nulli
1198 1318 1341 1367 secundus
1358 1318 1515 1379 Aesopicas
1533 1317 1575 1366 llll
1593 1330 1662 1367 snas
1679 1314 1827 1378 Inscripsit
1844 1318 1890 1369 ia·

661 1401 764 1462 bellas,
782 1412 898 1463 quarum
916 1399 1060 1461 prooemio
1078 1398 1153 1450 inter
1166 1400 1224 1450 alia
1241 1403 1276 1450 ad
1296 1402 1525 1453 Theodosium
1546 1402 1696 1466 (videlicet
1715 1402 1888 1453 Macrobium

661 1485 822 1550 nostrum:
839 1485 969 1551 „,‚Quis‚
987 1485 1094 1551 scribit,
1110 1488 1199 1537 tecum
1219 1488 1409 1552 decretione,
1426 1487 1488 1550 quis
1505 1489 1538 1538 dc
1558 1494 1685 1549 poemate
1702 1481 1889 1549 loqueretur?

662 1584 743 1634 qurum
763 1571 792 1620 iu
810 1577 931 1633 utroque
951 1569 1093 1620 literarum
1111 1583 1217 1633 genere
1236 1575 1265 1622 et
1284 1573 1395 1623 Atticos
1414 1575 1525 1624 Graeca
1543 1573 1701 1624 eruditione
1719 1586 1838 1635 superes
1866 1593 1878 1639 g

661 1656 817 1707 Latinitate
835 1655 1034 1707 Romanos.““
1070 1655 1215 1708 caelius
1233 1657 1452 1722 Rhodiginus
1475 1662 1571 1720 [Lect.
1589 1665 1647 1710 ant.
1671 1663 1690 1708 t.
1706 1659 1780 1710 XlV.
1798 1671 1824 1710 c.
1838 1662 1862 1709 b.

661 1747 853 1807 ,‚‚‚auctorem
869 1741 1135 1792 excellentissimum
1149 1746 1177 1793 et
1192 1743 1280 1794 virum
1297 1745 1541 1796 reconditissimae
1557 1745 1739 1796 scientiae““
1752 1746 1884 1797 nominat.

662 1828 718 1876 sed
733 1827 919 1890 patrocinium
937 1829 1022 1892 louge
1040 1828 1185 1879 maximum
1203 1829 1257 1879 sibi
1272 1842 1291 1880 a
1308 1831 1354 1880 lo.
1370 1832 1520 1883 ilenrico
1534 1832 1709 1882 Boeclero
1727 1864 1753 1882 ..
1770 1831 1888 1894 pronit-

663 1917 725 1962 tere
743 1917 846 1974 potest.
881 1915 977 1965 Verba
999 1914 1191 1977 (lliblograpb.
1214 1915 1277 1965 crit.
1297 1929 1324 1978 p.
1344 1917 1402 1981 td.)
1426 1916 1550 1968 dabimus
1570 1917 1695 1981 integra:
1727 1919 1888 1982 ‚‚,‚Macro·

662 1997 726 2047 bius
748 1997 854 2063 lnquit,
880 2001 964 2049 valde
988 1999 1175 2049 contemnitur
1195 2012 1213 2049 a
1237 2000 1381 2052 loviano
1401 2003 1563 2053 Pontano
1589 2003 1617 2053 in
1636 2003 1759 2053 Antonio
1780 2016 1834 2054 suo
1857 2007 1906 2054 et·

663 2083 856 2146 scaligero
879 2083 908 2133 in
932 2084 1075 2135 Ponticis:
1105 2085 1322 2136 luculentissimi
1347 2093 1439 2137 tamen
1464 2090 1530 2137 sunt
1556 2087 1617 2137 eius
1640 2087 1838 2138 Commentarii
1857 2087 1886 2139 in

663 2168 804 2219 Somnium
826 2168 978 2231 Scipionis.
1012 2171 1071 2219 Nec
1094 2169 1184 2220 minus
1205 2168 1396 2222 difficillimum
1416 2185 1487 2235 opus
1504 2175 1550 2222 est
1567 2184 1723 2236 aggressus
1741 2173 1770 2223 in
1787 2176 1887 2225 Satur-

663 2254 789 2320 malibus,
805 2268 885 2318 quae,
903 2255 958 2305 etsi
974 2268 1030 2305 non
1046 2255 1148 2318 ubique
1164 2259 1266 2306 exacte
1283 2259 1427 2324 tractavit,
1446 2257 1555 2322 magnis
1572 2260 1663 2307 tamen
1681 2258 1787 2308 excidit
1806 2257 1886 2309 ausis

665 2344 697 2388 et
716 2339 788 2389 via·
806 2340 968 2391 monstravit
986 2340 1051 2391 aliis
1069 2341 1189 2392 ulterius
1208 2342 1242 2390 de
1261 2353 1296 2391 eo
1316 2342 1474 2392 meditandi.
1509 2341 1657 2404 Lipsius
1679 2346 1756 2391 certe
1774 2343 1827 2392 mit
1842 2343 1887 2392 in-

664 2431 711 2474 ter
728 2437 781 2474 eos
800 2425 844 2486 qni
868 2438 927 2477 cum
950 2428 1032 2477 valde
1058 2424 1264 2477 aestiment.““
1298 2428 1335 2476 Et
1354 2440 1416 2477 eum
1433 2440 1519 2490 porro
1537 2428 1634 2477 laudat
1652 2428 1755 2477 decore
1774 2430 1803 2477 et
1821 2439 1887 2489 per-

662 2510 966 2574 spicueloquentem.“
999 2513 1073 2563 ldem
1091 2511 1120 2578 (§
1139 2513 1269 2572 XXXI.):
1288 2511 1422 2577 ,‚Stilum‚
1438 2511 1541 2580 inpluit,
1559 2512 1697 2563 Macrobii
1714 2511 1758 2561 lo.
1774 2512 1887 2562 Saris-

661 2596 841 2647 beriensls
864 2596 984 2660 (Polior.
1007 2597 1243 2661 l.vlll.e.1⁰.)
1270 2598 1352 2649 valde
1377 2598 1545 2659 admiratur,
1574 2601 1603 2648 et
1625 2597 1697 2647 satis
1720 2597 1885 2660 praedicare

661 2682 823 2746 nequit.
850 2684 969 2734 scilicet
985 2698 1037 2747 pro
1055 2683 1168 2747 ingenio
1186 2683 1305 2747 quisque
1321 2696 1374 2734 suo
1393 2683 1507 2735 iudicat.
1541 2685 1578 2734 Et
1595 2683 1642 2746 qui
1659 2696 1753 2734 veram
1769 2683 1884 2746 linguae

661 2781 722 2818 cum
741 2769 911 2832 elegantiam
936 2773 992 2820 tum
1014 2769 1189 2820 maiestatem
1209 2783 1266 2820 non
1286 2770 1416 2836 capiunt,
1446 2771 1548 2820 sordes
1566 2774 1595 2819 et
1611 2770 1737 2820 meculas
1755 2781 1806 2830 pro
1826 2767 1885 2818 vir-

660 2855 769 2906 tutibus
793 2856 995 2905 commendant.
1029 2857 1183 2906 Emunctae
1206 2855 1285 2905 naris
1310 2854 1426 2905 criticus
1447 2858 1529 2916 [Des.
1546 2857 1697 2915 Erasmus]
1721 2853 1763 2904 irc
1787 2853 1885 2905 maluit

659 2940 688 2991 in
716 2941 775 2990 alia
803 2941 908 2992 omnia:
941 2939 987 2990 cui
1011 2941 1174 2992 Macrobius
1200 2941 1343 2991 variorum
1366 2941 1477 2993 videtur
1500 2947 1654 2992 conterere
1679 2943 1882 2990 centones.

658 3026 758 3077 l'ecile
776 3027 879 3089 ubique
897 3028 1088 3088 deprehendes
1107 3027 1200 3078 stilum
1219 3026 1282 3077 eius
1301 3038 1367 3076 esse
1386 3026 1496 3076 minime
1513 3027 1635 3091 cultum,
1660 3027 1690 3075 et
1711 3026 1834 3089 varium,
1853 3030 1884 3076 ut

659 3114 753 3163 aliena
772 3113 863 3176 magis
882 3125 961 3175 priam
984 3126 1037 3163 sua
1057 3111 1157 3178 tradit,
1188 3116 1218 3162 et
1241 3125 1304 3163 cum
1321 3113 1407 3162 rebus
1424 3111 1494 3174 ipsis
1512 3115 1638 3162 veterum
1654 3124 1764 3175 quoque
1779 3111 1884 3162 dictio-

659 3211 720 3249 nem
739 3199 902 3261 exprimere·
914 3199 1017 3249 studet.
1051 3199 1148 3263 Neque
1163 3199 1235 3249 adeo
1254 3197 1347 3248 omnia
1365 3210 1415 3260 pro
1430 3198 1541 3249 ratione
1560 3197 1652 3248 seculi
1671 3197 1802 3249 videntur
1816 3209 1882 3248 esse

659 3286 824 3348 inepta.
859 3286 923 3348 lpse
944 3285 1106 3335 Macrobius
1128 3286 1234 3335 fatetur
1252 3283 1282 3335 in
1304 3295 1434 3333 sermone
1457 3297 1510 3334 suo
1532 3283 1654 3333 nativam
1677 3284 1796 3333 Romani
1823 3281 1883 3334 oris

659 3370 816 3421 desiderari
832 3370 1002 3434 elegantiam
1093 3368 1291 3421 Hadrianus
1315 3379 1385 3416 vero
1410 3366 1570 3418 cardinalis
1593 3369 1642 3433 (de
1666 3379 1748 3416 serm.
1768 3369 1831 3417 Lat.
1856 3380 1882 3430 p.

659 3455 717 3520 11.)
733 3454 787 3505 sibi
804 3456 957 3517 persuadet
975 3458 1100 3518 tempora
1114 3469 1168 3507 sua
1185 3456 1238 3505 bec
1255 3452 1468 3514 imperfectione
1485 3454 1591 3503 inlecta
1607 3452 1748 3502 laborare.
1832 3454 1884 3502 nt-

659 3547 750 3591 tamen
768 3539 968 3605 grammaticus
985 3544 1083 3592 noster
1099 3541 1160 3591 suis
1180 3540 1259 3589 libris
1283 3537 1387 3600 passim
1406 3538 1514 3600 proiert
1535 3550 1607 3600 quae
1624 3536 1883 3600 philologiamlto-

660 3640 767 3677 manam
783 3626 942 3687 illustrant,
970 3627 1095 3688 quamvis
1112 3626 1227 3678 uberior
1245 3624 1285 3674 sit
1303 3636 1396 3674 rerum
1415 3623 1666 3686 pbilosopbicarum
1684 3627 1713 3672 et
1731 3622 1883 3686 antiquita-

659 3717 716 3761 tum
739 3712 851 3761 inillis
874 3723 960 3773 seges
982 3716 1067 3773 atque
1087 3714 1157 3763 adeo
1181 3709 1538 3780 eruditionisomnlgenae
1563 3709 1635 3759 baud
1659 3720 1794 3771 quaquam
1812 3721 1883 3758 con-

660 3797 808 3846 temnenda
831 3793 967 3845 messis.“
1006 3796 1108 3848 lbidem
1132 3802 1363 3849 commemoratur
1384 3794 1598 3848 Maurentius
1622 3794 1735 3861 Valla,
1764 3793 1812 3857 qul
1838 3793 1885 3859 (in-

658 3893 775 3932 errores
791 3882 906 3931 Antonii
929 3882 1087 3932 Belidensis
1108 3887 1233 3933 annotet.
1251 3897 1277 3945 p.
1296 3882 1338 3931 lo.
1356 3883 1392 3932 al.
1411 3881 1501 3944 lead:
1531 3878 1623 3945 ‚,ould
1642 3884 1687 3930 est
1704 3884 1811 3943 autem,
1838 3880 1883 3929 in-

658 3967 728 4032 quit,
745 3979 798 4016 cur
814 3980 901 4016 mcum
920 3972 1097 4030 praeceptum
1112 3974 1259 4031 tantopere
1278 3961 1426 4019 derideas?
1444 3965 1508 4030 qula
1519 3964 1682 4015 Macrobius
1699 3965 1784 4015 aliter
1797 3978 1882 4015 usur-

658 4045 726 4113 pact
749 4054 829 4101 Esto.
865 4052 934 4111 Quid
950 4052 1052 4103 Cicero
1066 4053 1319 4118 Quintilianusque,
1338 4066 1409 4116 quos
1424 4031 1551 4115 inprimis
1567 4049 1716 4099 imitandos
1733 4044 1882 4111 propono?

659 4138 839 4197 Usurpantne
857 4141 886 4186 et
902 4137 957 4200 ipsi
978 4139 1074 4203 aliter,
1103 4152 1138 4188 an
1161 4132 1236 4188 non?
1271 4137 1301 4187 si
1321 4143 1474 4201 usurpant,
1505 4148 1556 4186 cur
1577 4146 1633 4184 non
1652 4145 1748 4184 eorum
1769 4136 1881 4195 profers

658 4222 755 4283 potius
768 4214 914 4283 exempla?
933 4222 1184 4282 QuidMacrobium
1199 4235 1293 4286 norom,
1310 4224 1448 4273 doctum
1471 4219 1603 4284 paridem
1621 4218 1729 4267 virum
1750 4220 1809 4267 sed
1824 4230 1882 4268 ne·

659 4319 824 4369 quaquam
842 4320 883 4356 ex
897 4307 1160 4371 eloquentibus,
1178 4308 1241 4358 mibi
1259 4301 1399 4358 obiicis?“
1434 4306 1499 4357 Noli
1515 4309 1606 4355 tamen
1624 4302 1787 4352 existimare
1804 4304 1882 4352 Lau-

658 4390 779 4441 rentium
800 4394 959 4444 obtrectare
980 4394 1143 4455 Macroblo‚
1173 4406 1235 4443 nam
1260 4393 1317 4443 alio
1341 4395 1407 4443 loeo
1432 4393 1575 4457 (Elegant.
1592 4390 1639 4440 lib.
1658 4390 1680 4438 l.
1698 4400 1725 4449 p.
1744 4385 1800 4451 lb.)
1818 4400 1881 4437 eum

658 4476 730 4527 dicit
753 4477 1054 4542 „curiosissimum
1084 4478 1116 4527 in
1147 4478 1326 4540 loquendo
1357 4483 1391 4528 et
1419 4474 1732 4528 reconditissimae
1762 4473 1881 4523 scieu-

658 4561 761 4614 tiae“.
796 4564 889 4629 Adde,
917 4575 988 4625 quos
1007 4562 1258 4613 citat'l'lromasius
1282 4563 1301 4612 l.
1318 4576 1358 4626 c.,
1385 4563 1429 4611 lo.
1448 4560 1656 4611 liudericum
1672 4558 1805 4621 Vivem,
1833 4556 1881 4620 qui

657 4649 793 4712 (praefat.
814 4647 938 4711 Vigiliae
958 4647 987 4696 in
1010 4649 1102 4697 somn.
1124 4646 1214 4709 scip.;
1243 4646 1353 4709 inspice
1375 4647 1457 4696 etiam
1478 4646 1525 4696 lib.
1549 4645 1596 4694 lll.
1619 4647 1653 4695 de
1675 4645 1745 4693 trad.
1769 4643 1879 4705 discipl.

655 4748 682 4796 p.
699 4747 735 4785 m.
756 4734 815 4782 323.
829 4732 921 4796 3260:
938 4733 1134 4797 „Macrobius,
1152 4731 1250 4798 inquit,
1269 4732 1322 4782 vir
1340 4730 1613 4796 eruditissimus,
1632 4728 1742 4780 etiamsi
1760 4734 1789 4778 et
1804 4729 1879 4778 aliud

655 4819 683 4869 in
704 4822 768 4870 tota
785 4831 841 4868 non
860 4816 970 4880 egisset
989 4816 1056 4881 vita,
1071 4818 1100 4868 in
1120 4831 1174 4881 qua
1190 4830 1293 4869 revera
1309 4829 1361 4879 pro
1377 4816 1451 4866 virili
1467 4830 1520 4867 sua
1533 4815 1690 4866 litterariae
1707 4814 1879 4876 reipublicae

656 4907 727 4956 bene
751 4903 907 4955 laboravit:
938 4904 988 4953 sed
1012 4903 1039 4952 si
1062 4903 1137 4953 alind
1162 4906 1311 4964 praeterea
1335 4916 1392 4952 non
1414 4902 1524 4965 egisset
1549 4914 1628 4963 quam
1654 4912 1772 4951 servare
1796 4898 1878 4949 nobis

655 4991 727 5040 banc
747 4989 838 5041 omnis
854 4989 1020 5039 eruditionis
1038 4990 1213 5052 thesaurum,
1240 4988 1341 5050 optime
1360 4988 1394 5036 de
1411 4987 1511 5037 studiis
1531 4987 1657 5036 omnibus
1676 4987 1778 5035 luisset
1795 4983 1879 5032 merl-

656 5072 738 5139 tus“,
767 5073 1016 5124 etReinesium
1034 5072 1081 5135 qui
1099 5072 1196 5136 (epist.
1215 5074 1248 5122 ad
1268 5074 1384 5133 liupert.
1401 5086 1427 5133 p.
1448 5070 1536 5134 istd:
1566 5073 1627 5134 „lle
1645 5068 1807 5131 Macrobio‚
1835 5068 1879 5115 in·
1932 5115 1937 5123 ,

657 5159 730 5225 quit,
759 5159 888 5223 quoniam
906 5160 1052 5221 Xylander
1071 5158 1141 5207 adeo
1168 5156 1277 5218 sprevit
1297 5157 1399 5221 virum,
1430 5155 1510 5206 cuins
1533 5159 1623 5205 tamen
1648 5154 1714 5203 nibil
1736 5151 1878 5215 cognitum

656 5244 788 5294 babuisse
806 5244 930 5309 videtur,
953 5246 1006 5294 boc
1025 5243 1109 5293 etiam
1127 5242 1232 5306 dicam,
1257 5242 1370 5293 luisse
1389 5241 1480 5291 inter
1495 5239 1626 5289 aetatis
1644 5249 1729 5287 suae
1747 5234 1879 5284 doctis-

657 5327 766 5381 simos
811 5328 889 5379 sine
931 5327 1181 5381 controversia
1220 5326 1382 5381 eximium
1420 5320 1619 5392 poenosas
1656 5348 1691 5361 -
1725 5320 1891 5371 tuameres
