5092 6425
709 869 772 936 140
1185 866 1395 934 Macuouu

661 1040 822 1106 llmetras
851 1037 963 1103 dicitur
989 1035 1036 1101 bis
1059 1037 1130 1101 bina
1158 1034 1205 1100 bis
1231 1058 1344 1122 corpus
1373 1057 1439 1101 esse
1468 1035 1528 1100 iam
1554 1036 1697 1102 solidum.
1750 1038 1833 1124 Ergo
1861 1062 1879 1105 a

707 1125 773 1226 pari
794 1144 924 1189 numcro
951 1122 1083 1188 accessio
1102 1142 1202 1206 usque
1227 1121 1265 1186 ad
1290 1132 1360 1187 octo
1382 1121 1518 1186 soliditas
1544 1130 1591 1186 est
1613 1122 1768 1208 corporis:
1809 1123 1878 1190 ideo

640 1214 651 1225 '
708 1220 789 1276 mter
810 1209 959 1296 principia
979 1207 1052 1272 huie
1073 1228 1202 1271 numero
1225 1206 1447 1293 plenitudinem
1466 1207 1633 1292 deputavit
1676 1210 1768 1275 Nunc
1788 1231 1879 1294 opor-

708 1305 752 1362 tet
773 1317 812 1361 ox
835 1294 933 1379 inpari
956 1312 1081 1378 quoque
1104 1313 1234 1357 numero
1255 1293 1515 1378 quemadmodum
1544 1293 1625 1357 idem
1652 1293 1805 1360 efficiatur
1833 1295 1879 1359 in·

659 1381 833 1468 lispicere.
883 1381 925 1445 Et
951 1378 1023 1463 quia
1048 1386 1110 1442 tom
1137 1378 1218 1477 peris
1243 1400 1335 1476 quam
1366 1379 1480 1463 inparis
1507 1379 1629 1444 numeri
1655 1401 1764 1445 monas
1790 1381 1878 1464 origo

706 1477 763 1546 est,
783 1465 936 1531 temarius
954 1484 1102 1531 numerus
1116 1484 1221 1613 prima
1244 1464 1325 1529 lmea
1344 1486 1411 1529 esse
1431 1463 1581 1529 credatur.
1623 1463 1682 1529 Hic
1704 1465 1877 1550 triplicatus

706 1550 907 1618 novenarium
931 1569 1093 1615 numerum
1128 1547 1201 1613 acit:
1242 1550 1297 1634 qui
1317 1557 1349 1614 et
1372 1550 1436 1635 ipse
1459 1549 1545 1635 quasi
1574 1550 1612 1614 de
1639 1550 1758 1616 duabus
1785 1552 1884 1615 lineis·

705 1640 832 1736 longum
851 1638 1010 1722 latumque
1032 1654 1143 1720 corpus
1166 1633 1273 1711 efficit,
1304 1635 1383 1700 sieut
1401 1635 1632 1721 quaternarius,
1661 1636 1814 1701 secundus
1835 1637 1875 1701 de

704 1724 845 1810 paribus,
866 1721 973 1787 elficit:
1012 1720 1085 1786 ilem
1106 1721 1292 1786 novenarius
1312 1720 1482 1805 triplicatus
1502 1721 1625 1785 tertiam
1648 1721 1872 1786 dimensionem

704 1815 847 1896 praestat
887 1808 930 1873 Et
950 1807 992 1871 ita
1015 1827 1032 1871 a
1053 1814 1139 1892 parte
1162 1805 1277 1891 inparis
1300 1806 1421 1885 numeri
1443 1806 1473 1870 in
1495 1806 1601 1890 viginti
1624 1814 1757 1891 septem,
1793 1829 1873 1892 quae

703 1901 777 1959 sunt
794 1901 842 1958 ter
861 1900 949 1958 terna
969 1900 1026 1969 ter,
1048 1890 1179 1957 solidum
1201 1912 1313 1976 corpus
1335 1890 1481 1955 eflicitur:
1503 1891 1582 1956 sicut
1603 1891 1634 1955 in
1657 1913 1787 1956 numero
1806 1893 1872 1977 pari

655 1978 751 2044 labis
771 1977 842 2043 bina
865 1979 921 2056 bis,
944 1977 997 2064 qui
1019 1985 1066 2042 est
1086 1977 1271 2054 octonarius,
1291 1976 1474 2041 soliditatem
1497 1977 1619 2041 creavit
1662 1978 1746 2062 Ergo
1769 1979 1807 2042 ad
1830 1977 1872 2041 el-

652 2063 889 2150 [rmficiandum
919 2062 1084 2148 utrobique
1113 2062 1245 2127 solidum
1274 2081 1386 2148 corpus
1417 2082 1525 2127 monas
1557 2063 1727 2127 necessaria
1761 2072 1809 2128 est
1842 2072 1874 2128 et

702 2171 755 2214 sex
774 2149 826 2214 alii
848 2148 985 2227 numeri,
1005 2148 1036 2213 id
1056 2155 1104 2213 est
1122 2147 1202 2217 terni
1224 2168 1241 2212 a
1262 2147 1326 2232 pari
1348 2156 1379 2212 et
1398 2147 1511 2232 inpari:
1539 2169 1556 2212 a
1576 2147 1640 2233 pari
1662 2148 1786 2233 quidem
1809 2149 1871 2213 duo

655 2234 693 2299 14
703 2243 849 2322 quattuor
870 2242 958 2312 octo,
996 2234 1035 2299 ab
1055 2234 1154 2318 inpari
1177 2241 1280 2299 autem
1300 2233 1358 2299 tria
1380 2254 1490 2298 norem
1513 2232 1619 2319 viginti
1640 2243 1769 2318 septem.
1820 2235 1871 2297 Ti-

702 2341 808 2387 maeus
828 2320 921 2406 igitur
942 2319 1079 2386 Platonis
1101 2319 1133 2384 in
1156 2318 1331 2385 fabricanda
1352 2318 1458 2385 mundi
1482 2318 1584 2383 anima
1608 2319 1771 2384 consilium
1794 2319 1870 2383 divi·

701 2406 805 2471 nitatis
825 2407 989 2472 enuntians
1010 2406 1054 2471 ait
1073 2405 1155 2470 illam
1177 2426 1233 2490 per
1252 2404 1309 2470 hos
1330 2424 1475 2470 numeros
1495 2404 1588 2469 luisse
1610 2412 1794 2481 contextam,
1815 2405 1869 2489 qui

701 2498 733 2555 et
753 2513 770 2556 a
792 2492 857 2575 pari
879 2500 911 2557 et
931 2492 970 2556 ab
991 2491 1089 2576 inpari
1113 2491 1241 2566 cubum,
1264 2490 1296 2554 id
1317 2498 1364 2555 est
1386 2489 1604 2575 perlectionem
1627 2490 1802 2565 soliditatis,
1826 2491 1868 2554 el-

699 2575 820 2643 ficiunt:
842 2598 904 2641 non
924 2576 995 2661 quia
1015 2575 1131 2660 aliquid
1154 2575 1340 2674 signiticaret
1359 2575 1442 2640 illam
1464 2574 1577 2640 habere
1598 2596 1791 2660 corporeum,
1813 2576 1865 2640 sed

697 2667 734 2725 ut
760 2660 857 2745 possit
883 2661 1112 2726 universitatem
1142 2661 1307 2725 animando
1340 2669 1500 2747 penetrare
1532 2669 1563 2726 et
1594 2660 1700 2724 mundi
1733 2660 1865 2725 solidum

651 2743 809 2831 l5corpus
829 2744 960 2831 inplere,
980 2766 1036 2831 per
1057 2767 1201 2812 numeros
1223 2746 1384 2811 soliditatis
1406 2747 1513 2812 effecta
1531 2754 1586 2811 cst.
1629 2747 1719 2812 Nunc
1741 2745 1777 2810 ad
1799 2746 1865 2831 ipsa

697 2830 836 2894 Platonis
862 2831 954 2896 verba
982 2831 1148 2896 veniamus.
1192 2833 1270 2898 Nam
1293 2852 1363 2896 cum
1386 2831 1424 2896 de
1447 2831 1505 2896 deo
1530 2831 1663 2896 animam
1693 2831 1800 2896 mundi
1823 2831 1865 2895 la·

697 2915 835 2981 bricante
858 2917 1052 3003 loqueretur,
1073 2916 1130 2982 ait:
1169 2918 1307 2984 Primam
1327 2941 1366 2983 en
1386 2918 1471 2982 omni
1487 2919 1630 3002 sermenem
1645 2930 1765 3005 partem
1783 2918 1866 2982 tulit:

762 3068 833 3121 Mes.
853 3069 1079 3134 BCFSPR12G]

695 3153 793 3206 dicitnr
809 3156 883 3224 npnd
900 3162 1050 3226 geometrae
1066 3172 1128 3226 v-g.
1280 3160 1322 3208 11.
1356 3156 1480 3224 ideoque
1496 3152 1527 3204 0.
1543 3179 1577 3192 -
1598 3155 1609 3206 ἰ
1615 3155 1632 3204 d
1652 3155 1785 3220 efficiatur
1802 3171 1864 3221 r-g.

797 3227 837 3276 12.
873 3226 950 3295 erigo
970 3232 1008 3278 est
1024 3243 1116 3278 monne
1135 3225 1183 3275 m.
1203 3252 1236 3264 -
1262 3226 1317 3277 Hec
1334 3231 1409 3291 (sap.
1427 3227 1451 3284 a)
1469 3224 1521 3273 lu.
1539 3250 1572 3261 -
1588 3226 1660 3288 fecit
1677 3241 1813 3275 numeram
1831 3224 1862 3275 F.

694 3316 728 3329 -
750 3292 784 3343 de
804 3293 912 3345 dactus
928 3294 1075 3346 numeris
1096 3300 1171 3360 (serp.
1192 3309 1227 3345 en
1249 3294 1352 3345 dendus
1369 3294 1459 3351 lineis)
1481 3290 1511 3341 C.
1537 3318 1565 3327 -
1588 3292 1655 3342 sient
1674 3293 1861 3358 quaternarias

750 3361 833 3426 efficit
853 3378 907 3414 orn.
926 3361 1003 3428 νίας.
1026 3390 1061 3402 -
1084 3362 1230 3413 secandam
1252 3360 1409 3411 eea-orm.
1433 3386 1469 3401 -·
1488 3360 1593 3410 tertium
1613 3360 1799 3410 dimensionem

694 3429 809 3493 efficitur
829 3430 893 3481 edd.
912 3428 941 3482 in
959 3447 1017 3497 mg·
1036 3428 1068 3480 0·
1094 3457 1125 3467 -
1151 3429 1252 3499 viginti
1269 3437 1366 3496 reptem
1390 3434 1458 3487 (om.
1478 3428 1520 3486 in)
1545 3426 1596 3477 Rs.
1620 3454 1648 3463 -
1672 3428 1727 3494 qui
1744 3436 1805 3478 eunt
1822 3435 1862 3479 ter

692 3497 767 3546 terni
784 3504 824 3547 tes·
846 3496 879 3549 F.
902 3524 932 3535 -
957 3515 1051 3564 corpus
1068 3498 1179 3549 solidum
1204 3496 1255 3548 Rl.
1279 3524 1312 3534 -
1335 3497 1397 3547 dina
1416 3496 1455 3546 lis
1477 3501 1546 3556 (om.
1563 3495 1615 3553 die)
1635 3494 1664 3544 h.
1819 3497 1860 3545 13.

693 3568 738 3613 ten
754 3568 823 3624 (om.
840 3572 865 3617 et
883 3581 945 3616 cum
962 3569 1034 3624 rus.)
1051 3561 1082 3614 G.
1127 3565 1181 3616 sed
1198 3581 1243 3615 nen
1260 3563 1290 3614 F.
1334 3571 1371 3615 nt
1386 3580 1430 3616 nes
1446 3563 1496 3614 Re
1538 3563 1594 3613 sed
1613 3570 1638 3613 ct
1654 3579 1699 3612 ses
1717 3561 1859 3612 Bamllrrn.

692 3656 727 3667 -
742 3638 773 3681 et
787 3633 873 3683 terni
889 3633 923 3682 nli
939 3633 1039 3699 impari
1056 3638 1124 3692 (om.
1143 3638 1244 3692 nartem)
1263 3630 1340 3682 FH2.
1511 3633 1553 3680 ll·
1588 3629 1745 3690 inlubrico
1766 3630 1861 3680 mnndi

692 3693 725 3746 B.
744 3723 778 3734 -
796 3714 814 3748 n
827 3699 942 3765 pariter
959 3700 1056 3766 imponi
1072 3698 1094 3750 0
1109 3714 1126 3751 e
1144 3716 1170 3765 p.
1187 3716 1225 3749 m·
1261 3699 1395 3765 aperiet
1411 3697 1509 3765 impuri
1526 3702 1593 3758 (om.
1608 3698 1654 3759 nt)
1674 3697 1796 3747 Cnseo.
1812 3714 1858 3758 m„

692 3763 779 3830 v·g(l.
797 3792 826 3801 -
853 3767 956 3830 eptam
972 3765 1073 3816 Fuso.
1100 3794 1127 3803 -
1150 3768 1336 3834 perfectionem
1355 3766 1536 3819 divinitatis
1554 3782 1579 3816 v.
1601 3793 1635 3804 -
1657 3781 1711 3816 non
1729 3765 1811 3832 qnod
1827 3763 1858 3815 F.

692 3839 838 3897 —posset
858 3833 938 3899 v-glt.
955 3859 988 3871 -
1010 3834 1129 3884 animare
1144 3841 1220 3901 (sup.
1238 3835 1359 3902 implere)
1381 3834 1431 3884 Bt.
1584 3837 1624 3883 15.
1662 3833 1783 3884 Platonis
1800 3849 1859 3883 oer-

691 3894 735 3964 dn]
759 3895 834 3949 Tim.
860 3917 886 3966 p.
902 3903 945 3949 35.
975 3913 1008 3938 ·-
1028 3901 1226 3966 firmamento
1244 3903 1335 3970 rcagl)
1357 3907 1387 3963 (c
1409 3900 1437 3953 in
1455 3917 1512 3967 mg.
1526 3903 1680 3964 fermento).
1716 3900 1786 3965 „Ed
1803 3906 1858 3950 vet

691 3963 849 4018 rectissime
866 3966 953 4019 habet
964 3970 1141 4034 firmamento.
1176 3969 1259 4021 Pluto
1278 3969 1367 4034 enirn,
1392 3986 1473 4035 quem
1493 3968 1540 4018 liic
1558 3968 1670 4018 omnino
1689 3967 1859 4033 interprete-

692 4039 738 4084 tur
755 4034 925 4098 Macrobius,
945 4034 1032 4101 Μίαν,
1052 4035 1152 4102 inquit,
1170 4030 1264 4104 ἀφεῖλε
1281 4034 1313 4089 τὸ
1330 4036 1441 4104 πρῶτον
1461 4028 1517 4086 ἀπὸ
1534 4031 1639 4095 παντὸς
1652 4038 1763 4101 μοῖραν.
1797 4034 1858 4102 lgi-

691 4106 738 4156 tur:
754 4100 825 4156 illud
844 4104 900 4157 πᾶν
916 4107 1143 4170 confermentato
1161 4104 1318 4173 significat,
1352 4106 1422 4170 quod
1443 4103 1588 4170 indignum
1608 4102 1777 4169 philosopho
1796 4108 1858 4153 erat

689 4169 902 4239 relinquendum
920 4174 1075 4242 pistoribus
1098 4189 1130 4225 sc
1149 4174 1259 4240 coquin,
1291 4172 1561 4238 nedfirmnmentum‚
1595 4171 1614 4220 lr
1643 4188 1666 4221 e.
1686 4172 1857 4235 universnm,

690 4240 809 4294 eoelum.
844 4242 952 4295 Deinde
972 4259 1021 4311 pro
1036 4243 1150 4310 primurn
1173 4250 1202 4294 et
1220 4244 1299 4311 leges
1320 4240 1437 4308 linguae
1456 4244 1484 4291 et
1507 4240 1586 4290 locas
1603 4239 1729 4309 Platonis
1747 4238 1858 4289 vidctnr

722 4394 764 4442 11.
799 4394 933 4445 ternmias
954 4410 1078 4445 numerem
1102 4395 1190 4461 primu
1212 4395 1247 4445 li·
1298 4391 1373 4443 duxi.
1408 4390 1541 4441 Fortasse
1559 4389 1720 4442 Macrobius
1744 4388 1771 4440 in
1794 4388 1857 4441 ani-

689 4473 739 4507 nen
762 4474 817 4509 esse
839 4462 964 4512 medetur
990 4463 1054 4527 etc]
1087 4462 1167 4514 llaec
1192 4479 1246 4514 noa
1297 4475 1343 4512 mo
1361 4458 1461 4510 habuit
1478 4458 1610 4510 effectum
1629 4465 1803 4525 perpetuum.

688 4530 745 4574 tam
765 4523 1247 4596 lucileeccommodanturgeome·
1334 4530 1374 4577 15.
1413 4544 1445 4577 en
1468 4528 1539 4577 omni
1557 4527 1699 4592 fermento]
1729 4525 1748 4576 i.
1773 4542 1796 4576 a.
1820 4542 1855 4576 ex

688 4589 775 4643 tricae
795 4591 898 4647 rstloni
916 4613 998 4662 qoem
1018 4614 1089 4663 quac
1106 4598 1119 4664 5
1135 4604 1152 4649 9
1169 4614 1245 4664 seqq.
1296 4595 1371 4646 omni
1391 4610 1493 4646 messe.
1516 4595 1573 4645 -ct
1586 4594 1667 4645 0vid.
1681 4596 1747 4645 Met.
1763 4593 1786 4655 l,
1798 4598 1854 4644 w:

688 4657 819 4710 dicuntur
835 4661 871 4713 de
889 4664 950 4730 peri
971 4682 1093 4717 numero.
1301 4664 1379 4723 Cum,
1414 4679 1482 4729 quoe
1497 4680 1589 4730 prcssn
1612 4663 1659 4713 diu
1680 4679 1788 4713 masan
1811 4663 1854 4711 la-

722 4728 763 4775 14.
802 4729 925 4784 Timaeus
940 4734 1025 4801 igitur
1044 4730 1164 4785 Plutonis
1180 4732 1245 4798 ete]
1295 4732 1431 4783 tenerescit
1449 4731 1512 4792 illa,
1533 4732 1629 4782 Sidera
1643 4737 1782 4797 coeperant
1800 4737 1855 4781 toto

688 4789 732 4843 Cl.
751 4792 774 4856 1,
791 4798 816 4855 6,
836 4798 877 4848 46.
1297 4802 1517 4864 effervescere
1534 4800 1615 4850 caclo.
1652 4799 1731 4864 Quod
1749 4798 1856 4863 legitur

720 4877 773 4911 non
786 4863 849 4928 quin
862 4899 886 4914 ..
900 4866 1074 4934 significaret]
1089 4865 1244 4917 Dicendum
1295 4865 1324 4918 in
1342 4866 1485 4917 veteribus
1501 4866 1668 4931 quibusdam
1684 4865 1856 4917 editionibus

686 4935 749 4978 eret
763 4945 815 4980 non
835 4948 904 4998 qne,
932 4938 960 4985 et
977 4940 1125 5000 praeterea
1143 4935 1265 5001 aliquid·
1296 4941 1324 4985 et
1343 4934 1539 5001 comprobatur
1557 4950 1575 4985 n
1593 4934 1712 4996 zenam,
1735 4951 1767 4985 en
1784 4935 1857 4984 omni

685 4997 818 5062 corporei.
1292 5003 1497 5066 firmamento,
1517 5001 1544 5053 id
1565 5001 1791 5068 comprobatione
1811 5000 1855 5052 di·

720 5070 749 5114 ut
766 5065 849 5132 pessit
868 5104 890 5117 ..
909 5068 1002 5134 effecta
1024 5067 1071 5135 est]
1102 5068 1164 5120 Hoc
1183 5069 1245 5135 qui·
1296 5086 1381 5137 gnum
1402 5087 1455 5121 non
1471 5073 1523 5121 est.
1559 5070 1684 5136 Nemque
1695 5072 1854 5135 firmamen-

686 5127 748 5183 dem
784 5134 845 5185 loco
880 5151 1014 5200 praesens
1049 5144 1157 5201 tempus
1190 5153 1244 5188 non
1294 5145 1350 5189 tam
1364 5139 1502 5202 procaelo
1517 5145 1662 5205 geometra
1675 5137 1787 5203 quidem
1802 5137 1854 5188 ille

685 5205 778 5263 potest
792 5202 920 5255 excusari
938 5209 969 5255 ut
987 5203 1010 5269 l,
1027 5207 1068 5268 19,
1084 5207 1124 5254 taz
1144 5205 1193 5256 sed
1210 5204 1245 5255 li·
1295 5204 1430 5255 Gronoril
1450 5206 1493 5267 (l,
1510 5207 1523 5271 ξ
1541 5211 1596 5270 st),
1615 5203 1669 5257 'sed
1688 5205 1853 5256 Macrobius

684 5265 744 5320 bris
784 5270 852 5323 Μιι.
896 5272 1145 5342 obtemperandum
1181 5289 1245 5327 esse
1294 5289 1430 5341 nunquam
1448 5272 1533 5338 dixit,
1559 5281 1589 5327 et
1607 5272 1763 5327 sisichac
1782 5290 1853 5326 voce
