5092 6425
1153 897 1154 900 κ
1169 857 1307 927 CAPUT
1328 861 1367 927 ll.
1823 887 1882 931 ιιι

656 1046 728 1086 auno
745 1033 813 1098 post
830 1028 884 1082 ch.
903 1046 931 1081 n.
955 1026 1087 1082 cccllcl
1113 1045 1176 1082 cum
1199 1029 1322 1084 Tatiano
1344 1030 1444 1102 gessit·
1481 1029 1582 1086 comes
1605 1037 1752 1101 praeterea
1775 1035 1884 1090 ordinis

656 1117 734 1171 tertii
761 1116 790 1168 iu
815 1114 933 1181 antiqno
957 1112 1142 1182 inscriptione
1165 1122 1354 1184 nuncupatum
1381 1123 1410 1171 et
1429 1118 1616 1188 amplissimis
1637 1120 1827 1188 legationibus
1850 1139 1885 1175 ex

657 1207 773 1254 senatus
795 1201 908 1254 decreto
932 1200 967 1253 ad
990 1202 1179 1268 Imperatores
1200 1201 1313 1256 lunctns
1336 1209 1388 1257 ast.
1422 1204 1548 1272 Denique
1571 1211 1599 1258 et
1619 1205 1796 1259 ethnicorum
1819 1207 1886 1259 deo-

656 1304 728 1353 rum,
747 1303 819 1356 erga
840 1302 911 1354 quos
930 1285 1131 1353 superstitione
1150 1287 1313 1341 incredibili
1331 1305 1442 1358 semper
1458 1288 1601 1358 flagravit,
1618 1290 1778 1358 pontiliccm
1796 1293 1885 1346 maio-

658 1389 716 1424 rem
735 1373 811 1441 egit:
841 1377 870 1423 ot
887 1371 1008 1424 Romani
1033 1378 1147 1425 senatus
1168 1372 1231 1427 sine
1249 1374 1442 1426 controversie
1462 1375 1592 1444 princeps
1615 1375 1663 1429 din
1687 1375 1802 1429 habitus
1829 1383 1881 1432 est.

656 1459 700 1510 lta
717 1465 813 1510 autem
832 1457 882 1510 dio
899 1456 985 1521 vixit,
1009 1462 1041 1509 nt
1058 1459 1183 1525 plurium
1201 1458 1405 1528 imperatorum
1423 1460 1565 1512 aetatibus
1584 1461 1740 1529 implicitas
1758 1464 1809 1530 ait,
1834 1465 1883 1517 diu

658 1542 742 1595 etiarn
761 1543 939 1610 multumque
956 1542 985 1595 iu
1004 1543 1098 1596 causis
1115 1551 1253 1599 versatus.
1287 1547 1324 1598 Et
1347 1544 1498 1614 postremis
1519 1545 1632 1613 quidem
1652 1546 1809 1602 constantii
1830 1549 1884 1603 im-

658 1628 786 1697 perantis
808 1629 890 1682 aunis
914 1629 1032 1698 egregia
1054 1629 1089 1683 ad
1113 1630 1301 1698 eloquentiam
1325 1630 1436 1683 indoles
1459 1629 1487 1682 in
1511 1631 1692 1686 adolescente
1713 1633 1883 1702 Symmacho

656 1714 712 1768 iem
730 1715 902 1768 virescebat.
938 1715 1042 1789 hocius
1062 1714 1136 1767 euim
1154 1715 1289 1770 Avianius
1307 1715 1494 1785 Symmachus
1515 1721 1596 1785 pater
1611 1717 1788 1772 Antiochiam
1808 1721 1885 1774 circa

656 1800 684 1852 id
709 1806 823 1869 tempus
848 1802 960 1872 legatus
983 1802 1017 1853 ad
1041 1798 1235 1855 constantium
1259 1802 1402 1871 prolectas
1423 1803 1513 1854 multa
1535 1801 1570 1854 de
1591 1801 1646 1855 lilii
1668 1805 1816 1871 praeclara
1835 1824 1883 1859 ex·

656 1886 834 1953 spectatione
856 1904 919 1938 cum
943 1884 1063 1938 hibauio
1086 1893 1130 1939 est
1153 1889 1319 1940 collocutus.
1353 1887 1394 1941 Ab
1418 1886 1489 1939 inito
1509 1892 1603 1940 autem
1623 1888 1812 1945 Valentiniani
1831 1892 1883 1945 Sc·

657 1969 745 2023 nioris
763 1970 885 2041 imperio
900 1972 1024 2038 adusque
1041 1969 1191 2026 Arcadium
1209 1972 1421 2040 Honorinmqua
1437 1972 1579 2042 Augustos
1595 1992 1658 2026 cum
1680 1976 1790 2045 ingenti
1809 1995 1884 2031 seur·

655 2044 706 2125 p’er
728 2057 815 2110 laude
838 2059 930 2110 lorum
954 2056 1118 2124 curiamque
1137 2057 1337 2126 frequentavit.
1370 2059 1448 2111 Anno
1472 2066 1549 2112 certe
1573 2066 1637 2128 post
1659 2060 1711 2114 ch.
1732 2080 1758 2116 u.
1778 2062 1884 2116 ccclc

657 2142 750 2195 adhuc
768 2143 884 2197 vivebat
900 2143 1101 2213 Symmachus,
1124 2145 1255 2212 quoniam
1270 2144 1394 2212 epistola
1410 2143 1478 2197 libri
1493 2145 1584 2213 quinti
1600 2147 1709 2200 decima
1724 2152 1885 2216 gratulatur

658 2213 813 2281 'l'heodoro
837 2231 969 2298 adeptum
995 2231 1187 2297 consulatum,
1218 2246 1301 2297 quem
1324 2229 1375 2280 hic
1397 2246 1431 2282 eo
1449 2244 1521 2283 anno
1546 2233 1647 2300 gessit.
1682 2233 1883 2300 Symmachum

659 2330 716 2365 uon
739 2316 894 2369 excessisse
917 2315 1027 2369 christi
1050 2332 1165 2369 anunm.
1179 2313 1308 2367 cccclv
1335 2316 1470 2367 censebat
1492 2315 1613 2368 lacobus
1636 2316 1828 2372 cotheiredus
1854 2321 1884 2375 in

661 2399 726 2451 eius
751 2401 819 2453 vita.
852 2402 906 2454 Sed
930 2401 1005 2454 enim
1031 2401 1087 2454 hoc
1108 2401 1207 2454 eodem
1228 2417 1301 2454 anno
1325 2391 1521 2453 concinnatum
1545 2418 1609 2453 esse
1631 2418 1729 2470 poema
1749 2404 1884 2460 adversus

660 2483 864 2554 Symmachum
885 2504 902 2541 a
920 2487 1075 2540 Prudentio
1095 2487 1276 2555 proximoque
1300 2503 1373 2540 anno
1391 2486 1497 2539 editam
1516 2486 1660 2540 existimat
1678 2504 1796 2558 maguus
1815 2492 1884 2546 Are·

659 2573 740 2624 valus
763 2573 792 2625 in
818 2573 1016 2626 Prudentiauis
1041 2571 1087 2640 (N.
1108 2575 1163 2640 ⁶4).
1198 2574 1292 2642 Quom
1315 2576 1410 2625 antam
1431 2573 1566 2626 adversus
1591 2572 1729 2628 visentem
1753 2577 1884 2645 Symma-

659 2658 742 2709 chum
761 2659 933 2712 Prudentius
956 2659 1120 2728 scripserit,
1148 2659 1289 2726 sequitur,
1317 2664 1347 2711 ut
1365 2658 1531 2727 Symmachi
1547 2657 1606 2711 vita
1625 2661 1710 2727 poulo
1732 2662 1807 2716 ultra
1827 2664 1883 2717 co·

660 2743 784 2796 tholrcdi
807 2746 977 2799 senteutiam
996 2744 1170 2799 extendenda
1188 2761 1251 2797 esse
1268 2744 1406 2797 videatur·
1441 2745 1530 2797 Immo
1553 2761 1637 2811 quum
1656 2747 1787 2814 superius
1805 2749 1884 2803 dixe·

658 2827 747 2880 rimus
768 2828 973 2897 Symmachum
989 2831 1073 2901 plane
1093 2829 1300 2882 adolescentem
1316 2830 1405 2883 luisse
1422 2829 1556 2883 extremis
1571 2831 1727 2886 Constantii
1750 2836 1884 2903 tempori-

657 2913 720 2982 bus,
738 2913 767 2965 id
786 2921 831 2968 est
849 2915 926 2970 circa
944 2933 1045 2970 anuum
1061 2914 1198 2979 ccccli,
1215 2917 1278 2985 ipse
1297 2922 1388 2969 sutem
1406 2915 1594 2983 Symmachus
1611 2915 1639 2968 in
1656 2925 1757 2973 octava
1774 2921 1884 2976 decima

658 3000 781 3069 epistole
795 3001 866 3054 libri
884 3001 978 3069 quarti
995 3019 1027 3054 sa
1044 3001 1075 3054 io
1092 3001 1202 3055 senium
1222 3018 1340 3070 vergere
1360 3007 1469 3054 narret:
1500 3003 1637 3068 ,stastum
1656 3005 1742 3071 abest,
1773 3008 1884 3061 ethaeo

658 3086 736 3138 annis
756 3087 785 3138 s'a
809 3087 911 3140 scnium
930 3088 1101 3158 vergentibus
1124 3088 1217 3154 actim,
1251 3088 1397 3141 Candidior
1412 3094 1552 3155 postquam
1571 3089 1692 3143 tondenti
1706 3092 1788 3145 barba
1803 3095 1884 3147 cude-

657 3172 739 3240 bot‚“
770 3176 918 3241 superest,
945 3177 976 3225 ut
997 3189 1051 3226 nou
1070 3172 1212 3225 immerito
1229 3171 1421 3241 suspicemur,
1453 3178 1593 3228 oratorem
1612 3180 1738 3231 nostrum
1756 3179 1883 3248 adusque

658 3257 770 3311 christi
790 3274 894 3311 anuum
913 3246 1027 3312 circiter
1043 3258 1160 3311 000οΧ
1174 3259 1262 3313 vitam
1280 3259 1410 3312 fortassis
1430 3259 1625 3327 produxisse.“

726 3343 886 3397 Subliciam
904 3360 976 3411 qnae
993 3345 1027 3396 de
1045 3362 1078 3398 eo
1094 3345 1232 3398 iudicavit
1247 3344 1377 3413 lleynius
1394 3345 1415 3395 1.
1435 3361 1459 3396 c.
1476 3362 1502 3411 p.
1524 3347 1556 3396 lb
1572 3361 1614 3411 sq.

728 3429 914 3496 „Senatorum
932 3430 1141 3499 gravissimum,
1160 3430 1359 3498 magistratum
1377 3428 1602 3494 sanctissimum,
1620 3428 1710 3481 civem
1728 3429 1763 3482 ad
1782 3431 1886 3489 bonum

660 3531 806 3566 commune
819 3520 917 3568 natum
933 3522 1009 3569 recte
1027 3517 1146 3581 diceres,
1164 3516 1302 3568 vocabulo
1319 3514 1384 3567 istis
1403 3513 1575 3582 temporibus
1595 3514 1785 3582 frequentatae
1804 3519 1885 3574 cuius

659 3597 864 3669 iutegritatem,
883 3602 1061 3668 probitatem,
1080 3600 1264 3653 coustantium
1284 3618 1346 3652 cum
1363 3597 1521 3668 prudentia,
1541 3598 1639 3652 multis
1656 3599 1684 3652 in
1703 3601 1773 3655 locis
1792 3605 1885 3658 admi·

660 3700 770 3737 ramurr
805 3686 892 3738 facila
910 3686 984 3739 enim
999 3685 1125 3754 intelligi
1145 3690 1252 3752 potest,
1281 3703 1364 3754 quam
1383 3686 1524 3739 lubricum
1543 3701 1575 3738 ac
1598 3685 1788 3753 periculosum
1809 3697 1885 3745 esset

659 3770 734 3822 inter
753 3775 926 3839 temporum,
955 3770 1152 3825 dominationis
1170 3777 1198 3824 et
1219 3772 1301 3825 aulae
1318 3771 1493 3839 corruptelas
1512 3788 1627 3823 servare
1645 3754 1761 3826 rectum.
1796 3776 1886 3830 Seue·

659 3856 762 3909 teriam
780 3856 979 3910 auctoritatem
1000 3862 1029 3909 et
1046 3856 1214 3925 dignitatem
1234 3857 1322 3909 tuitus
1339 3862 1383 3909 est
1401 3856 1534 3925 egregic3
1564 3856 1593 3910 in
1611 3857 1665 3927 hoc
1686 3858 1762 3911 enim
1786 3861 1885 3914 ordine

659 3941 793 4010 quicquid
822 3949 970 4012 supererat
994 3943 1093 3996 anxilii
1117 3943 1252 3996 adversus
1281 3942 1480 3996 dominationis
1510 3942 1643 3995 iniuriam
1671 3948 1700 3996 et
1722 3944 1885 4016 libidinem,

660 4028 876 4094 continebatur3
909 4029 1005 4098 itaque
1032 4034 1159 4081 senatum
1190 4029 1318 4097 appellat
1344 4037 1447 4097 partem
1479 4028 1589 4079 humani
1616 4030 1724 4097 generis
1751 4031 1885 4082 meliorem

660 4114 745 4182 (cpp.
770 4114 794 4181 l,
810 4117 854 4167 bb.
873 4115 911 4167 al.
928 4115 993 4177 db).
1030 4115 1110 4183 Quod
1128 4114 1293 4184 superstitio
1311 4115 1405 4167 ausimo
1422 4113 1484 4165 eius
1505 4120 1562 4164 tam
1582 4113 1641 4163 alte
1659 4112 1819 4179 insederat,
1837 4130 1886 4165 ex-

661 4200 818 4253 cusandum
841 4206 902 4253 crat
924 4202 954 4254 in
975 4200 1036 4255 viro
1059 4200 1213 4270 patriarum
1236 4202 1332 4270 legum
1350 4205 1379 4252 et
1396 4198 1588 4251 institutorum
1607 4196 1819 4249 servantissimo
1839 4212 1887 4249 eo·

661 4286 782 4354 demque
804 4286 941 4340 Pontifica
963 4287 1094 4339 marimo.
1129 4286 1216 4339 Venia
1236 4286 1311 4338 euim
1329 4286 1447 4337 debetur
1464 4282 1507 4347 ei,
1535 4282 1583 4349 qui
1603 4282 1638 4345 ad
1657 4280 1742 4333 fidem
1762 4286 1888 4335 suamet

660 4370 832 4442 religionem
857 4372 944 4424 reiert
970 4372 1078 4440 antiqui
1104 4371 1229 4425 instituti
1254 4360 1452 4425 auctoritatam
1477 4374 1507 4422 et
1535 4369 1729 4435 sanctitatem,
1758 4368 1784 4421 si
1810 4367 1888 4422 videt

659 4471 746 4518 nova,
763 4456 816 4508 etsi
832 4457 905 4509 lorte
922 4475 973 4526 per
990 4476 1021 4512 se
1041 4460 1122 4525 bona,
1140 4459 1259 4512 meliora
1277 4474 1397 4526 quoqne,
1412 4473 1467 4509 non
1486 4455 1567 4509 bonis
1584 4455 1693 4509 artibus
1712 4461 1741 4508 et
1757 4454 1888 4508 consiliis

660 4540 765 4595 iulerrl
784 4547 812 4594 et
830 4542 972 4595 obtrudi.“

728 4626 947 4696 Inscriptionem
970 4630 1006 4683 ad
1028 4630 1103 4700 huuc
1121 4628 1323 4700 Symmachum
1342 4628 1527 4695 pertinentem
1549 4644 1565 4679 e
1588 4627 1693 4680 scheda
1709 4625 1888 4680 Scriveriana

660 4712 787 4781 prodidit
801 4714 839 4766 ls.
853 4715 997 4769 Pantanus
1013 4716 1042 4769 in
1059 4715 1186 4769 auctario
1203 4718 1334 4767 notarum
1348 4714 1393 4766 ed.
1409 4712 1446 4765 11.
1466 4713 1501 4767 ad
1520 4712 1663 4767 Saturnal.
1683 4713 1714 4765 V.
1732 4717 1756 4766 1.
1776 4716 1820 4781 ι7)
1856 4713 1887 4766 ln

665 4871 1075 4885 *m

730 4959 777 5020 ¹⁷)
795 4956 949 5025 Inscriptio
969 4975 1052 5025 qnam
1068 4976 1158 5027 nuper
1174 4959 1244 5013 adeo
1260 4958 1290 5011 in
1307 4963 1402 5012 monte
1418 4957 1514 5012 caelio
1533 4957 1665 5012 effossam
1684 4956 1756 5011 dixit
1771 4958 1888 5020 Romae,

661 5029 731 5082 haec
750 5031 811 5079 ests
846 5025 1040 5098 ausculto.
1058 5025 1219 5081 AUREth
1243 5028 1451 5081 SYMMACHO
1473 5027 1504 5078 V.
1522 5027 1556 5079 0.
1581 5026 1735 5095 obtuso.
1754 5023 1886 5077 PRAET.

659 5094 855 5152 Pou‘rmrcl
880 5094 1302 5150 maroal.coaaEcT0a1
1329 5095 1509 5149 bUchldE
1535 5093 1586 5146 ET
1610 5092 1889 5147 BRUTTlcltUhl.

661 5165 738 5220 cOS.
756 5162 898 5219 cclll'l’l
917 5153 1065 5217 baniols
1083 5164 1216 5216 TERTll
1233 5201 1241 5215 .
1259 5164 1437 5219 Paocoas.
1455 5162 1635 5217 AFRchE.
1655 5160 1781 5214 Pauca.
1803 5157 1888 5210 URB.

663 5230 1082 5296 oaomsalo.oalT0a1
1115 5232 1380 5290 DlSthTlSSlblc
1406 5233 1441 5302 Q.
1474 5230 1556 5288 ΕΔΒ.
1586 5228 1712 5284 munim.
1743 5225 1888 5281 statmo·

663 5301 758 5358 onus
783 5301 816 5355 V.
834 5299 867 5353 c·
888 5299 1004 5355 PATRI
1022 5299 1179 5357 oa'rlmo.
