5092 6425
695 867 738 934 at
1180 862 1388 932 Macuoeu

782 1032 836 1099 ΙΙΙ.
879 1032 936 1098 His
956 1033 1147 1119 praelibatis,
1168 1040 1333 1118 antequam
1356 1030 1421 1117 ipsa
1442 1028 1554 1096 somnii
1575 1026 1668 1127 verbe
1687 1033 1866 1110 tractemus,

697 1119 784 1206 prius
811 1126 888 1203 quot
914 1119 1085 1184 somniandi
1112 1118 1219 1182 modos
1249 1116 1423 1182 observatio
1444 1113 1696 1199 deprehendent,
1731 1136 1803 1182 cum
1830 1119 1866 1182 li-

697 1205 830 1269 centiam
860 1203 1040 1286 figurarum,
1071 1223 1151 1288 quae
1177 1203 1290 1286 passim
1319 1200 1547 1287 quiescentibus
1575 1198 1774 1282 ingeruntur,
1807 1204 1865 1266 sub

698 1288 908 1353 definitionem
935 1310 970 1352 ac
997 1289 1134 1372 regulam
1160 1294 1295 1353 vetustas
1319 1285 1470 1363 mitteret,
1500 1284 1719 1362 edisseramus,
1753 1293 1790 1350 ut
1815 1288 1866 1352 cui

698 1393 807 1438 eorum
837 1373 941 1455 generi
968 1372 1123 1437 somnium
1151 1392 1212 1456 quo
1245 1371 1284 1437 de
1310 1370 1430 1455 agimus
1463 1367 1678 1454 applicandum
1708 1367 1749 1434 sit
1772 1369 1866 1467 ‘inno-

667 1459 801 1524 Btescat
851 1456 1000 1522 Omnium
1026 1478 1105 1543 quac
1132 1456 1235 1521 videre
1260 1455 1318 1520 sibi
1346 1453 1534 1519 dormientes
1557 1453 1701 1518 videntur
1726 1473 1866 1541 quinque

699 1547 772 1606 sunt
789 1540 971 1625 principales
988 1548 1020 1606 et
1039 1541 1230 1606 diversitates
1249 1547 1282 1604 et
1300 1539 1435 1604 uomina.
1490 1541 1555 1602 Aut
1571 1536 1655 1602 euim
1674 1545 1721 1602 est
1739 1534 1868 1625 ὄνειρος

699 1624 868 1690 secundum
893 1625 1042 1703 Graecos,
1085 1626 1146 1691 uod
1166 1624 1267 1690 Latini
1287 1625 1436 1689 somnium
1454 1630 1580 1688 vocant:
1607 1629 1661 1686 aut
1681 1630 1729 1687 est
1746 1619 1866 1708 ὅραμα,
1959 1638 1961 1643 ·

699 1708 783 1794 quod
802 1710 878 1774 os'sio
898 1718 980 1775 recte
1001 1648 1186 1796 appiilatur:
1211 1716 1265 1774 aut
1286 1716 1333 1774 est
1353 1702 1586 1790 χρηματισμὸς,
1608 1707 1692 1804 quod
1712 1711 1868 1777 orandun

699 1802 909 1878 nuncupatur:
941 1803 995 1861 aut
1017 1804 1064 1861 est
1088 1790 1258 1872 ἐνύπνιον,
1280 1791 1364 1879 quod
1384 1793 1566 1858 insomnium
1586 1791 1712 1856 dieitur:
1744 1802 1799 1859 aut
1820 1804 1867 1859 est

700 1873 890 1962 φάντασμα,
918 1880 1001 1964 quod
1023 1879 1147 1957 Cicero,
1172 1879 1317 1964 quotiens
1337 1897 1416 1963 opus
1437 1876 1498 1941 boc
1519 1874 1645 1941 nomine
1666 1874 1738 1953 fuit,
1770 1880 1875 1948 osium

669 1962 827 2028 dvocavit.
882 1964 995 2029 Ultima
1016 1984 1054 2029 ex
1080 1964 1128 2028 bis
1150 1963 1211 2028 duo
1233 1983 1304 2028 cum
1325 1961 1482 2039 videntur,
1511 1980 1583 2025 cura
1606 1960 1866 2045 interpretationis

700 2046 825 2129 indigna
846 2056 933 2127 sunt,
957 2049 1029 2133 quia
1050 2049 1125 2113 nihil
1148 2047 1344 2112 divinationis
1364 2046 1542 2129 adportant,
1570 2040 1727 2108 ἐνύπνιον
1747 2045 1815 2111 dico
1836 2056 1867 2113 et

671 2126 885 2214 lqiurnopu.
941 2134 1000 2197 Est
1025 2134 1107 2199 enim
1136 2128 1309 2209 ἐνύπνιον,
1364 2130 1487 2195 uotiens
1513 2149 1586 2193 cura
1606 2130 1744 2214 oppressi
1772 2132 1865 2196 animi

700 2215 874 2298 corporisve
894 2216 958 2282 sive
980 2216 1137 2294 fortunae,
1173 2217 1273 2315 qualis
1294 2151 1469 2312 vigiiantern
1490 2213 1684 2310 fatigaverat,
1717 2214 1811 2280 talem
1833 2238 1865 2281 se

699 2297 732 2362 in
753 2299 812 2364 erit
831 2299 1010 2366 dormienti:
1038 2301 1149 2379 animi,
1171 2323 1197 2366 ει
1220 2308 1339 2365 amator
1359 2299 1475 2364 delicus
1498 2318 1562 2362 suas
1581 2306 1636 2362 aut
1657 2296 1810 2364 fruentem
1833 2322 1866 2364 se

699 2319 802 2448 videat
825 2393 878 2449 aut
900 2395 1070 2465 carentem,
1103 2387 1128 2450 si
1150 2393 1292 2450 menaeus
1312 2383 1381 2469 quis
1402 2382 1614 2453 imminentem
1634 2381 1698 2480 ‘sibi
1716 2384 1767 2481 pel
1793 2384 1865 2449 iusi-

649 2466 764 2550 [ta]diis
783 2468 831 2533 vel
851 2477 1003 2552 potestate
1024 2491 1186 2554 personam
1214 2478 1268 2533 aut
1289 2467 1452 2531 incurrisse
1473 2465 1552 2531 hauc
1573 2487 1611 2531 ex
1633 2486 1764 2551 rmagme
1785 2470 1865 2552 cogi-

702 2550 855 2619 tationum
878 2573 1003 2621 suarum
1026 2561 1080 2619 aut
1101 2553 1244 2638 effugisse
1265 2551 1421 2618 videatur:
1453 2551 1605 2637 corporis,
1634 2551 1660 2616 si
1682 2559 1797 2617 temeto
1819 2554 1865 2617 in·
1965 2572 1966 2578 ¹

768 2701 838 2755 Mas.
860 2703 1130 2767 BFSPB12GBn.]

767 2785 818 2839 ΙΙΙ.
862 2791 949 2857 Caput
967 2792 1019 2845 lll.
1057 2790 1178 2855 Quinque
1195 2803 1252 2841 esse
1267 2804 1368 2858 genera
1385 2787 1549 2851 somniandi3
1575 2780 1655 2856 atqua
1673 2787 1801 2840 somnium
1819 2789 1866 2842 ise
1964 2846 1966 2851 ,

702 2851 749 2904 Sei
766 2854 834 2906 ionis
848 2859 884 2908 ad
899 2859 987 2924 prima
1002 2858 1055 2909 tria
1069 2872 1170 2924 genera
1185 2858 1277 2908 debere
1289 2858 1392 2921 referri.
1410 2858 1488 2907 cb-b.
1641 2858 1664 2906 1.
1699 2858 1795 2908 somnii
1809 2859 1867 2925 ipsa

698 2871 780 2971 veria
795 2929 937 2976 tractemus
960 2925 1009 2975 tta.
1050 2924 1109 2991 ipsa
1126 2924 1220 2975 somnii
1238 2924 1318 2974 uerba
1340 2931 1458 2976 tractem
1482 2922 1535 2974 m.
1575 2921 1636 2990 ipsa
1652 2926 1866 2977 consulamus

697 2987 778 3039 verba
795 2991 890 3041 somnii
911 2990 1005 3053 „liber
1021 2992 1162 3057 optimus“
1182 2990 1279 3042 Barth.
1297 2990 1411 3043 Adsere.
1429 2994 1477 3054 39,
1502 2992 1541 3041 12.
1560 3016 1593 3027 -
1618 2991 1763 3044 obseruatio
1779 3001 1866 3044 uete-

697 3069 766 3106 rum
784 3057 983 3124 deprehenderit
1000 3076 1056 3110 cum
1075 3059 1205 3111 licentias
1215 3061 1371 3126 figurarum
1390 3075 1413 3124 q.
1432 3076 1460 3126 p.
1479 3074 1503 3124 q,
1522 3057 1580 3126 ing.
1598 3059 1645 3109 sut
1660 3058 1765 3122 ἄφιε
1782 3075 1865 3127 regu-

697 3121 753 3172 lam
774 3125 889 3177 mitteret
911 3126 1025 3190 „scribe
1047 3126 1217 3178 membranis
1239 3125 1432 3176 auctoribus.“
1456 3125 1540 3176 Gran.
1562 3149 1595 3162 -
1616 3125 1729 3176 licentia
1751 3125 1865 3177 R2Brrrs.

697 3187 751 3240 112.
768 3217 802 3229 -
820 3208 851 3244 se
870 3195 1011 3263 ingerunt
1028 3193 1279 3260 „libesoptimw
1294 3193 1393 3245 Barth.
1412 3193 1433 3245 l·
1452 3208 1474 3243 c.
1494 3218 1527 3230 -
1544 3191 1745 3258 diffinitionem
1762 3192 1867 3246 FSRffl

699 3254 733 3308 B.
769 3258 966 3318 defensionem
985 3262 1037 3311 Ha.
1060 3289 1087 3299 -
1113 3256 1144 3314 ef
1160 3262 1283 3330 regulum
1303 3262 1400 3328 vicbg.
1423 3287 1450 3297 -
1476 3259 1572 3341 generi
1589 3260 1779 3313 somniandi
1796 3278 1866 3313 sorn-

697 3322 771 3375 sss'usn
790 3326 841 3380 Bl.
868 3356 897 3367 -
920 3330 953 3381 de
969 3347 1020 3397 quo
1038 3328 1224 3380 fils-bPBea.
1245 3327 1320 3393 „duo
1338 3326 1532 3394 antiquissima
1554 3327 1745 3393 exemplaria“
1765 3328 1867 3381 Bartlr.

697 3389 718 3442 l·
737 3408 761 3443 c·
913 3399 938 3447 B.
972 3397 1133 3464 principales
1152 3397 1220 3461 (orn.
1239 3396 1279 3459 et)
1295 3395 1390 3463 slcbg.
1423 3394 1661 3463 principalitates
1678 3403 1703 3446 et
1718 3393 1813 3447 Fene.
1831 3425 1867 3436 -

698 3448 792 3525 ὅραμα
811 3460 879 3527 (orn.
898 3465 950 3526 est)
971 3480 1036 3515 vn.
1076 3472 1114 3515 est
1133 3463 1263 3515 ΟΡΛΜΑ
1284 3464 1360 3530 (sup.
1378 3463 1414 3529 ω)
1433 3462 1480 3514 1³4.
1518 3468 1557 3513 est
1576 3458 1716 3513 opttMA
1733 3462 1867 3516 ureret}

696 3522 770 3577 Bers-
805 3537 844 3580 est
862 3481 1049 3582 OPOMAgB.
1084 3524 1141 3580 tu
1162 3546 1181 3579 α
1199 3532 1269 3594 (om.
1288 3534 1341 3593 cst)
1360 3529 1380 3581 i.
1403 3557 1438 3568 -
1459 3523 1645 3595 χρηματισμὸς
1663 3530 1731 3594 (om.
1752 3532 1805 3589 esti
1825 3532 1865 3581 Bt

696 3605 759 3657 ι-ς.
806 3602 844 3644 est
873 3548 1119 3647 ΡΗΜΑΘΙΣΜὸ
1172 3595 1201 3646 li.
1247 3603 1286 3647 est
1304 3607 1491 3663 κρημοτισμως
1515 3594 1585 3645 aas.
1629 3603 1668 3648 est
1694 3596 1869 3649 ΧΡΗΜΩΣ

697 3659 773 3722 (sup.
793 3660 992 3726 crismatisnros)
1010 3663 1060 3712 Re.
1080 3689 1108 3699 -
1133 3660 1232 3726 Cicero]
1251 3661 1295 3712 Cf.
1314 3663 1398 3714 dead.
1418 3662 1446 3719 1,
1467 3664 1671 3725 11,4oes41.
1704 3663 1747 3725 ΙΙ,
1767 3668 1797 3727 6,
1819 3670 1865 3728 Ιθ;
1974 3682 1976 3686 ·

698 3725 745 3784 11,
764 3725 798 3773 33
817 3742 908 3791 seqq,
933 3727 1063 3794 inprimis
1083 3731 1129 3789 16,
1147 3732 1196 3790 513
1223 3730 1272 3791 24,
1290 3734 1334 3780 88.
1369 3727 1454 3780 Tasc.
1473 3729 1501 3789 1,
1520 3732 1570 3791 41,
1586 3732 1629 3780 st.
1649 3757 1677 3767 -
1698 3729 1747 3782 lsoe
1762 3733 1867 3785 nornine

698 3792 835 3856 apertuit
857 3793 907 3842 Ra.
1018 3810 1023 3819 ·
1060 3798 1085 3844 3.
1120 3795 1173 3845 duo
1190 3796 1277 3846 erbis
1300 3796 1328 3847 S.
1351 3822 1388 3835 -
1409 3813 1467 3847 curn
1484 3796 1638 3848 videantur
1660 3794 1714 3848 vie.

696 3856 722 3906 4.
756 3850 881 3917 farinacea
903 3860 946 3907 vl.
988 3858 1221 3910 ΕΝΥΠΝΥΩΣ
1242 3862 1293 3911 tta.
1323 3888 1357 3900 -
1384 3864 1493 3929 quoties
1515 3864 1593 3930 c-gb.
1617 3890 1650 3902 -
1674 3863 1728 3915 uel
1750 3865 1867 3930 corporis
1902 3913 1906 3918 .
1968 3861 1971 3879 ¹

695 3919 793 3988 richg.
813 3951 844 3960 -
867 3925 1033 3977 dormientis
1049 3927 1141 3977 animo
1158 3926 1221 3987 „lta
1241 3927 1338 3980 libri.“
1355 3928 1453 3981 Barth.
1473 3931 1492 3982 l.
1509 3945 1533 3981 e.
1575 3929 1667 3993 „Mihi
1682 3931 1755 3995 qnod
1773 3933 1867 3983 editur

695 3989 871 4055 praevalet.“
887 3992 968 4044 Pont.
985 4018 1018 4030 -
1036 4001 1072 4046 ut
1087 3994 1111 4045 si
1127 4001 1230 4045 amator
1245 3996 1297 4047 Bl.
1332 3998 1356 4048 si
1372 3998 1513 4049 alterurn
1532 3996 1610 4057 (add.
1626 4014 1643 4049 a
1660 4014 1717 4049 see.
1733 4015 1769 4049 m.
1787 4016 1865 4050 ama-

694 4060 750 4117 tor)
770 4056 799 4109 F.
817 4085 850 4096 -
871 4060 963 4112 videat
979 4059 1057 4122 (add.
1077 4076 1165 4114 esec.
1187 4078 1222 4114 ιιι.
1240 4064 1283 4126 se)
1301 4062 1332 4115 F.
1349 4091 1385 4102 -
1402 4065 1427 4116 si
1443 4070 1561 4115 metuens
1578 4064 1656 4131 (sup.
1675 4065 1743 4129 siue)
1763 4066 1813 4117 Bi.
1832 4093 1866 4104 -

695 4123 801 4176 insidiis
817 4126 1004 4195 estpotestate
1021 4133 1088 4185 (om.
1105 4128 1198 4194 priore
1215 4131 1270 4190 uel)
1295 4146 1321 4181 v.
1360 4131 1403 4183 uel
1426 4131 1532 4183 insidiis
1549 4130 1592 4182 uel
1614 4149 1672 4200 pro
1710 4140 1821 4184 otestate
1842 4132 1865 4182 F

694 4190 877 4245 tinnabula
891 4195 953 4263 (pro
968 4195 1023 4245 del.
1038 4195 1105 4261 fil).
1141 4196 1203 4260 „uei
1218 4197 1325 4248 insidiis
1336 4214 1393 4265 pro
1404 4204 1534 4266 potestate
1549 4198 1623 4257 ..Mn
1637 4205 1768 4267 optamus.
1787 4199 1865 4266 bego

692 4274 796 4327 prove
812 4264 972 4328 potestate.“
993 4262 1092 4315 Barth.
1113 4262 1133 4313 Ι.
1151 4279 1174 4313 ο.
1198 4290 1229 4301 -
1253 4280 1286 4316 ee
1301 4264 1528 4336 imaginatione
1549 4264 1621 4318 Bes.
1646 4293 1674 4304 -
1702 4266 1866 4337 diffugisse

727 4407 786 4472 lli,
814 4414 840 4460 2.
876 4410 989 4477 quinque
1013 4419 1074 4465 sunt
1094 4411 1257 4481 principalis
1305 4414 1412 4481 wando
1430 4414 1604 4480 revelatione,
1624 4416 1771 4484 aliqum
1788 4419 1865 4487 cogi-

693 4480 719 4527 ct
739 4476 905 4528 diversitates
928 4485 952 4528 et
971 4478 1090 4543 nornine]
1119 4479 1255 4552 Bertbius
1304 4482 1406 4535 tatione
1422 4482 1501 4535 simui
1516 4492 1542 4537 at
1558 4486 1717 4538 revelatione
1731 4500 1867 4553 generan-

691 4541 806 4592 navers.
821 4543 947 4603 xxxix,
961 4547 1003 4594 la.
1019 4545 1192 4598 Macrobium
1207 4561 1255 4597 rs·
1305 4556 1357 4601 tur.

692 4607 851 4672 prehendit,
869 4612 1003 4675 quodeas
1020 4612 1254 4680 tentumspscies
1338 4618 1363 4667 4.
1400 4615 1493 4685 aninss]
1520 4610 1669 4681 „minues
1688 4628 1740 4679 par
1758 4613 1867 4669 descri-

693 4673 827 4738 nominet‚
848 4693 918 4741 quac
934 4682 963 4728 in
982 4678 1124 4748 Scipionis
1145 4679 1255 4731 somnio
1304 4680 1363 4749 psit
1384 4684 1533 4801 elepantos
1548 4678 1696 4732 Petronius
1716 4678 1822 4749 [Satyr.
1842 4702 1867 4736 c.

691 4740 869 4805 reperiantur
887 4750 915 4793 et
932 4744 966 4795 ad
983 4762 1067 4797 unum
1087 4746 1158 4798 illud
1181 4746 1255 4798 refe·
1305 4749 1383 4815 1⁰41,
1415 4768 1433 4801 n
1455 4749 1465 4801 i
1492 4752 1521 4800 st
1546 4746 1575 4797 id
1601 4746 1637 4796 nb
1663 4748 1778 4800 oraculo
1805 4750 1866 4804 sive

692 4813 799 4859 rentur.
835 4809 866 4859 ln
885 4812 1105 4863 Rindnotaturr
1125 4814 1255 4865 Aiiomo·
1304 4814 1492 4881 χρηματισμοῦ
1529 4812 1735 4865 discriminate
1777 4818 1864 4871 Pons.

692 4874 727 4926 do
755 4875 901 4943 Gregorius
924 4877 1021 4927 diuidit
1042 4880 1159 4940 romaica
1190 4881 1255 4932 dicit
1306 4882 1386 4933 conf.
1407 4882 1517 4931 brr'crst.
1536 4880 1582 4942 tv,
1602 4885 1653 4931 959
1671 4898 1747 4948 seqq.

693 4940 778 4991 esim:
815 4943 868 4992 See
890 4943 976 4993 modis
999 4951 1116 5012 tangunt
1137 4946 1255 4997 animum
1338 4965 1352 4999 e
1400 4945 1463 5011 aris]
1480 4946 1866 5015 „aputetasttutfflesam

688 5008 827 5075 'imagines
844 5010 1010 5060 somniorum.
1043 5011 1196 5078 Aliquando
1213 5030 1255 5065 so·
1306 5030 1330 5064 c.
1349 5017 1381 5064 ta
1411 5013 1696 5082 Nacrneritoinquasn
1715 5017 1805 5082 [llild.
1824 5022 1866 5070 in-

691 5076 767 5125 maia
789 5076 888 5127 uentris
910 5076 1075 5142 plenitudino
1099 5078 1141 5127 uel
1162 5079 1253 5130 inani·
1305 5096 1385 5146 quase
1406 5080 1545 5146 immerito]
1576 5084 1673 5134 medici
1692 5086 1748 5149 fidi
1775 5085 1865 5150 [Bild.

691 5147 763 5202 tate,
789 5143 936 5209 aliquando
954 5144 1091 5206 illusione,
1109 5145 1255 5212 aliquando
1303 5146 1399 5198 nediu
1412 5148 1478 5198 sciti.
1514 5147 1593 5199 Pont.
1611 5150 1685 5201 infra
1700 5151 1786 5202 affert
1800 5170 1866 5203 con-

692 5208 856 5278 eogitctione
879 5212 958 5263 simul
980 5218 1005 5264 et
1028 5210 1164 5278 illusione,
1199 5213 1254 5265 ali·
1304 5212 1471 5282 icct.Lipsli
1487 5217 1626 5284 medicifioi
1640 5218 1685 5269 vel
1699 5220 1864 5286 medicifiees,
