5092 6425
712 918 778 961 xru
1158 887 1492 959 PROLEGOMENA.

714 1064 855 1126 citiorem,
873 1061 952 1114 illam
968 1076 1039 1127 qunc
1059 1057 1165 1128 legitur
1182 1058 1232 1111 lib.
1249 1059 1273 1124 1,
1293 1064 1407 1127 caput,
1427 1061 1440 1127 5
1457 1065 1489 1112 16
1499 1076 1559 1126 sqq.
1572 1058 1719 1112 bobendon
1738 1063 1826 1123 eraut,
1845 1064 1894 1113 aut
1910 1059 1939 1113 iu

714 1150 761 1209 bis
776 1154 883 1216 septem
901 1146 983 1199 libris
1001 1145 1096 1207 insint,
1112 1151 1161 1200 aut
1179 1150 1277 1213 patent.
1298 1146 1346 1199 ubi
1363 1145 1529 1210 exciderint,
1547 1150 1575 1198 et
1586 1145 1680 1198 omnia
1691 1146 1866 1205 absolvenda
1878 1147 1941 1198 ius-

716 1236 773 1288 riut
791 1234 898 1299 triduo,
923 1249 1005 1299 quem
1024 1232 1184 1300 legitimum
1203 1231 1311 1284 dierum
1328 1249 1473 1284 numeram
1492 1231 1691 1284 Saturnalibus
1709 1231 1834 1283 dicatum
1851 1231 1941 1285 luisse

717 1339 750 1373 ex
767 1321 818 1373 lib.
834 1320 863 1385 1,
883 1335 941 1385 cap.
963 1321 1008 1383 10,
1027 1321 1043 1382 §
1061 1322 1104 1373 26.
1122 1318 1313 1386 intelligimus
1330 1317 1391 1382 (ubi
1408 1318 1465 1369 rid.
1482 1317 1711 1381 adnotationem).
1747 1318 1830 1385 Quod
1849 1317 1874 1371 si
1893 1335 1941 1370 ve·

715 1423 778 1458 rum
794 1411 846 1469 est,
861 1423 895 1457 er
910 1402 982 1470 ipsis
999 1403 1208 1469 Saturnalibus,
1226 1410 1258 1455 nt
1278 1419 1364 1471 supra
1381 1403 1451 1468 diri,
1467 1409 1558 1470 potest
1574 1403 1696 1472 probari,
1716 1402 1942 1458 Commentarios

714 1479 744 1542 iu
762 1489 907 1542 Somnium
926 1487 1067 1558 Scipionis
1085 1489 1215 1555 minime,
1229 1489 1258 1541 id
1276 1489 1349 1555 quod
1369 1490 1459 1541 voluit
1476 1489 1506 1540 0.
1523 1488 1673 1553 Bouhier,
1695 1505 1790 1541 eorum
1810 1507 1875 1543 esse
1893 1505 1941 1558 pe·

718 1575 808 1627 tuisse
825 1579 943 1640 partem.

782 1665 808 1713 11.
844 1662 922 1713 Haec
944 1660 1183 1725 continuaverit,
1211 1660 1299 1712 icelle
1324 1659 1435 1711 videbis
1461 1661 1551 1712 multa
1576 1659 1688 1728 quidem
1712 1660 1809 1714 iutilia
1833 1661 1862 1713 in
1886 1661 1942 1714 boc

716 1762 801 1814 opere
822 1744 930 1811 inesse,
957 1746 1007 1798 sed
1029 1763 1083 1798 non
1110 1745 1203 1798 minus
1222 1745 1309 1796 mults
1328 1744 1430 1809 quibus
1451 1745 1504 1797 viri
1522 1747 1566 1798 vel
1588 1746 1744 1799 doctissimi
1769 1748 1797 1798 in
1817 1745 1943 1813 antiqui·

715 1830 784 1882 tntis
801 1831 903 1883 studiis
920 1836 1067 1884 versantes
1082 1849 1136 1884 aaa
1154 1831 1263 1900 possint
1282 1845 1389 1896 sarcre,
1408 1848 1496 1898 neque
1513 1848 1590 1895 esse,
1609 1832 1637 1884 id
1657 1834 1729 1900 quod
1748 1830 1830 1884 multi
1848 1831 1943 1883 credi-

716 1917 826 1980 derunt,
850 1917 1193 1986 rademindigcstumqac
1211 1917 1325 1978 molem,
1354 1915 1401 1967 sed
1423 1923 1537 1983 propter
1561 1916 1713 1970 immensus
1733 1918 1849 1970 lucunas
1869 1933 1942 1968 nuuc

717 2001 810 2070 magis
826 2001 917 2054 rideri
932 2001 1103 2055 inconditum
1123 2004 1177 2055 lroc
1201 2019 1272 2068 opus
1289 2017 1371 2066 quum
1388 2003 1475 2055 inerit
1492 2001 1570 2053 olim.

783 2087 816 2140 Si
833 2093 927 2141 antem
946 2087 1112 2155 quaesieris,
1132 2089 1203 2157 quod
1221 2087 1309 2140 fuerit
1331 2089 1456 2140 auctoris
1473 2086 1622 2140 consilium
1641 2088 1670 2141 iu
1687 2088 1742 2140 hoc
1761 2104 1845 2155 opere
1865 2104 1942 2139 com-

717 2175 858 2240 ponendo,
884 2174 1011 2227 iuvenies
1033 2191 1096 2227 eum
1116 2175 1239 2228 voluisse
1261 2191 1323 2224 cnm
1346 2173 1453 2226 varium
1477 2190 1509 2225 eo
1534 2173 1682 2240 complecti
1703 2173 1859 2225 doctrinam
1882 2178 1941 2224 tum

717 2261 799 2325 quasi
815 2276 917 2313 novum
939 2259 1034 2313 iacere
1055 2262 1267 2314 fundamentum
1292 2259 1460 2325 decrepidae
1483 2258 1535 2310 illa
1558 2264 1682 2325 ternpore
1706 2266 1735 2311 ct
1758 2259 1942 2311 moribundae

716 2345 913 2414 mythologiue
928 2347 1069 2414 antiquae.
1105 2347 1211 2399 iccirco
1230 2346 1325 2398 studet
1335 2343 1398 2410 (lib.
1416 2343 1438 2407 l,
1457 2361 1481 2395 c.
1496 2347 1528 2395 17
1541 2346 1613 2409 sqq.)
1632 2345 1666 2397 ad
1686 2347 1770 2396 nuum
1787 2345 1877 2397 solem
1898 2362 1942 2396 re·

716 2429 793 2483 terre
810 2448 906 2484 omnes
922 2432 998 2495 deos,
1010 2439 1038 2484 ct
1050 2450 1147 2485 omnes
1161 2433 1227 2484 illos
1245 2432 1445 2496 „edecumatos
1463 2429 1594 2481 sodalcs“
1608 2430 1635 2480 iu
1654 2446 1686 2481 eo
1705 2431 1775 2483 iecit
1792 2432 1945 2483 elaboran·'

717 2520 770 2578 tes,
789 2520 819 2567 ut
837 2517 961 2569 refutent
979 2534 1041 2569 euru
1056 2517 1104 2584 qui
1122 2516 1241 2569 irrideat
1259 2521 1371 2568 veteres
1389 2514 1456 2566 illas
1474 2513 1643 2583 religiones,
1662 2516 1889 2583 Evangelurn,
1908 2518 1942 2569 de

717 2614 772 2664 quo
790 2600 856 2665 quid
876 2602 1056 2653 statuendum
1074 2619 1137 2654 esse
1156 2602 1282 2653 rideatur
1295 2599 1513 2652 monstrabimus
1536 2600 1611 2651 inira
1629 2604 1666 2667 (4.
1678 2601 1737 2667 m).
1756 2603 1942 2654 Commenda-

716 2682 820 2735 tionem
830 2681 924 2737 aritiam
935 2686 1029 2754 operis
1039 2687 1151 2739 videtur
1160 2689 1261 2739 ducere
1271 2685 1396 2737 voluisse
1404 2687 1438 2736 ub
1448 2685 1607 2737 imitatione
1617 2686 1793 2754 dialogorum
1801 2687 1941 2739 Platonis.

784 2771 809 2821 4.
844 2769 904 2823 lam
923 2788 988 2823 vero
1005 2772 1040 2823 de
1057 2771 1094 2825 iis
1109 2790 1178 2839 qnos
1196 2772 1224 2824 iu
1245 2772 1299 2823 bac
1319 2787 1404 2838 opere
1426 2770 1501 2822 iuter
1525 2787 1557 2821 se
1574 2771 1767 2838 colloquentes
1789 2772 1861 2824 lucit
1882 2773 1942 2825 Ma·

718 2853 830 2907 crebius
847 2871 923 2922 quae
937 2864 1080 2924 comperta
1096 2859 1232 2910 babemus
1251 2858 1437 2925 proteramus.

785 2939 889 2993 Omnes
912 2943 946 2994 ad
966 2960 1080 2996 coenam
1105 2944 1239 2997 invitatos
1261 2943 1410 2994 nobilitate
1428 2943 1474 2993 rel
1496 2941 1625 2994 doctriua
1641 2943 1812 2995 excelluisse
1832 2944 1943 2995 Macro·

718 3025 781 3078 bius
799 3027 861 3095 ipse
880 3029 1074 3096 compluribus
1091 3029 1163 3082 locis
1183 3029 1217 3094 (1,
1237 3034 1261 3094 l,
1281 3028 1310 3094 §5
1330 3034 1341 3080 l
1360 3031 1435 3092 et43
1459 3027 1482 3088 l,
1501 3032 1527 3090 5,
1549 3031 1594 3092 133
1617 3028 1655 3093 ll,
1672 3033 1697 3094 l,
1722 3030 1759 3092 3.)
1785 3029 1866 3082 dicit.
1903 3029 1941 3081 Hi

646 3125 650 3131 ·
717 3118 798 3163 contr
827 3113 860 3180 Q.
877 3113 1009 3167 Aurelius
1026 3115 1231 3185 Symmachus,
1258 3113 1447 3165 Nicomachus
1465 3113 1633 3180 Flavianus,
1656 3113 1777 3166 Caecina
1795 3115 1943 3168 etFurius

718 3197 823 3263 staini,
840 3198 972 3265 Avienus,
989 3201 1115 3268 Servius,
1133 3199 1310 3265 Eustatbius,
1326 3200 1481 3263 Eusebius,
1499 3216 1562 3251 curn
1582 3198 1674 3252 Vettio
1692 3199 1876 3253 Praetextato
1894 3218 1943 3253 so-

716 3300 779 3336 rem
797 3288 928 3350 numism
947 3304 1033 3355 quare
1049 3287 1149 3340 vitium
1168 3291 1285 3340 subesse
1303 3285 1429 3349 ridetur,
1440 3285 1472 3337 'si
1488 3284 1619 3336 dicuntur
1634 3285 1668 3350 (l,
1685 3291 1712 3349 7,
1737 3287 1790 3348 12.)
1805 3294 1943 3355 excepto

718 3387 784 3440 rege
802 3372 916 3423 convicii
935 3377 979 3424 tot
999 3389 1061 3425 esse
1084 3381 1151 3440 quot
1168 3375 1267 3427 Musae
1286 3377 1360 3425 srrnt.
1396 3369 1603 3437 Superveniunt
1620 3376 1715 3422 autem
1735 3371 1866 3424 binarius
1883 3372 1942 3424 llo·

719 3473 767 3509 rus
783 3458 956 3526 Euangelus.
989 3458 1107 3511 Praeter
1123 3460 1176 3511 bos
1191 3456 1351 3512 nominandi
1370 3462 1434 3508 sunt
1450 3454 1552 3506 Decius
1574 3461 1602 3506 et
1619 3455 1828 3522 Postumianus,
1846 3474 1863 3508 e
1880 3457 1941 3524 qui·

719 3543 771 3593 bus
787 3540 836 3593 bic
860 3542 906 3593 illi
923 3558 1019 3593 omues
1036 3544 1087 3595 bos
1103 3561 1247 3595 sermones
1263 3544 1352 3595 refert
1368 3558 1402 3593 cx
1421 3557 1479 3602 ore,
1497 3545 1528 3592 ut
1545 3540 1606 3607 ipse
1621 3542 1670 3606 ait,
1686 3540 1793 3593 Avieni.

786 3641 812 3677 a.
840 3626 976 3677 Vettius
997 3626 1251 3681 Praetextatus
1277 3627 1534 3691 dicitur1,b‚13.
1569 3635 1789 3692 ceaoentusrec,
1808 3626 1833 3693 Ι,
1852 3633 1879 3690 7,
1900 3629 1940 3689 lb„

718 3707 786 3773 (uisi
804 3711 902 3762 subest
916 3709 1029 3774 vitium)
1047 3727 1093 3763 rer
1110 3716 1237 3779 conuiuii,
1263 3713 1305 3777 11,
1324 3718 1354 3777 1,
1371 3715 1397 3762 3.
1430 3728 1476 3764 rer
1493 3729 1610 3776 mensae,
1632 3712 1685 3763 boc
1702 3711 1765 3779 ipso
1784 3713 1848 3765 loco
1867 3729 1943 3764 com·

719 3800 836 3861 paratur
854 3812 916 3846 cum
933 3793 1063 3858 Socrate,
1083 3814 1136 3863 quo
1151 3798 1255 3851 dieitur
1275 3800 1304 3850 ia
1326 3799 1440 3850 moribus
1459 3816 1512 3850 aon
1532 3815 1595 3849 esse
1610 3800 1710 3863 rniaor,
1734 3799 1763 3851 in
1784 3816 1813 3850 re
1834 3799 1943 3866 publiea

719 3879 867 3946 efficacior,
897 3879 972 3945 etl,
995 3883 1071 3946 5,4.
1094 3882 1121 3934 ei
1144 3883 1279 3936 tribuitur
1302 3884 1412 3934 moralis
1433 3885 1565 3951 grauitas.
1601 3883 1708 3948 bibl,
1728 3888 1775 3948 17,
1798 3888 1812 3936 1
1839 3883 1943 3935 dicitur

718 3964 808 4016 luisse
829 3982 961 4018 sacrorum
981 3966 1096 4019 omniurn
1117 3970 1241 4036 praesul,·
1275 3969 1397 4020 Avienus
1420 3968 1447 4032 1,
1472 3973 1505 4032 6,
1524 3974 1549 4019 8.
1586 3968 1760 4021 Praetextati
1783 3987 1880 4021 nomen
1902 3969 1943 4021 ait

718 4065 781 4101 esse
799 4067 903 4103 sucrum
921 4052 971 4104 sibi
988 4069 1020 4103 nc
1037 4055 1211 4123 reipublicne3
1231 4055 1259 4120 1,
1275 4057 1322 4118 24,
1342 4058 1365 4107 1.
1389 4055 1505 4107 laudaut
1522 4055 1564 4106 iiic
1580 4057 1748 4120 memoriam,
1779 4055 1827 4107 ilic
1845 4055 1944 4108 deuri-

718 4154 795 4201 aem,
819 4139 906 4189 cuncti
924 4140 1096 4208 religionem,
1123 4142 1382 4207 adfirmantesirunc
1398 4157 1453 4193 esse
1470 4141 1604 4192 ursinam
1623 4143 1731 4192 deorum
1748 4147 1866 4191 naturae
1881 4158 1944 4191 con·

718 4225 800 4276 sciara
817 4227 863 4293 qui
880 4226 952 4277 solas
970 4226 1063 4277 diuina
1077 4234 1102 4279 ei
1121 4228 1232 4295 adsequi
1252 4228 1342 4278 animo
1363 4234 1388 4279 et
1410 4226 1498 4291 eloqui
1516 4233 1603 4293 posset
1620 4227 1745 4293 ingenim
1772 4232 1802 4277 et
1821 4221 1965 4279 Avienus'

717 4307 741 4371 1,
759 4315 785 4372 7,
803 4314 842 4361 17.
862 4327 925 4362 eum
942 4310 1014 4361 dicit
1032 4321 1166 4364 semorum
1187 4314 1302 4365 omniura
1315 4314 1392 4364 unice
1407 4313 1546 4373 censuum,
1564 4316 1647 4376 atque
1666 4310 1728 4376 ipse
1744 4310 1866 4376 (ib.·8.)=
1889 4312 1945 4368 Su·

719 4394 910 4459 tacuellarum,
930 4394 1021 4460 inquit
1038 4397 1168 4465 originem
1182 4398 1257 4448 illurn
1275 4397 1384 4448 miiaiin
1400 4396 1513 4448 medium
1529 4400 1649 4464 proferre
1666 4400 1712 4458 fus
1728 4405 1781 4462 est,
1805 4415 1859 4449 noa
1877 4412 1946 4465 quac

686 4478 756 4540 pud
779 4478 924 4529 ursianam
942 4479 1097 4540 ,divinitatis
1121 4490 1246 4533 antarum
1272 4483 1399 4545 refertur,
1427 4482 1473 4533 sed
1495 4498 1563 4548 quae
1585 4489 1635 4534 aut
1655 4482 1792 4547 fabulosis
1818 4479 1942 4535 admista

707 4559 856 4614 ‘disseritur
880 4570 929 4615 uui
952 4580 970 4615 n
987 4565 1102 4632 physicis
1119 4567 1148 4617 in
1164 4566 1265 4633 uulgus
1280 4567 1406 4632 operitur.
1444 4566 1548 4619 Contra
1567 4566 1729 4633 Euangelus
1748 4568 1770 4630 l,
1791 4572 1834 4630 ll,
1854 4572 1880 4618 1.
1899 4566 1944 4618 iu·

717 4651 797 4698 cusat
809 4663 881 4709 eum,
899 4649 970 4713 quod
988 4652 1101 4704 student
1116 4651 1219 4719 ingenii
1235 4667 1348 4717 pompae
1365 4660 1390 4705 ct
1408 4653 1577 4706 ostentationi
1593 4653 1726 4718 loquendi,
1740 4658 1777 4715 et,
1793 4654 1858 4720 quin
1867 4654 1946 4721 prin·

717 4746 777 4796 ceps
798 4731 984 4799 religiosorum
1003 4743 1125 4803 puteiru,
1154 4736 1283 4787 nonnette
1303 4743 1330 4788 ct
1353 4737 1545 4805 srsperuitioois
1567 4738 1721 4792 admisceat.
1756 4738 1888 4806 Denique
1911 4754 1946 4789 cr

717 4812 755 4865 iis
773 4831 844 4881 quae
866 4802 1001 4885 leguntur
1017 4819 1067 4871 lib.
1078 4819 1108 4884 J,
1125 4836 1148 4870 e.
1172 4823 1181 4869 l
1188 4852 1195 4866 ·
1212 4819 1225 4885 5
1243 4824 1286 4869 5.:
1307 4821 1362 4872 Nec
1378 4823 1443 4873 mibi
1456 4821 1554 4886 fraudi
1571 4822 1621 4885 sit,
1639 4822 1663 4872 si
1679 4823 1727 4874 uni
1745 4830 1794 4875 nui
1812 4824 1894 4876 elteri
1912 4839 1945 4875 en

717 4898 759 4949 iris
782 4917 852 4967 ques
874 4909 961 4955 costus
983 4904 1071 4973 confit
1091 4910 1197 4955 mutarn
1219 4910 1296 4955 aetas
1315 4907 1483 4971 posterior
1507 4894 1615 4957 seculo
1643 4907 1858 4962 Praetextati
1875 4909 1946 4975 suit,

717 4988 785 5035 natu
801 4984 951 5039 maximum
970 5005 1033 5040 eam
1052 4987 1156 5055 inisse,
1175 4986 1320 5039 coniicias.

784 5066 936 5136 complure
949 5074 1024 5125 band
1043 5073 1248 5141 praetereunda
1266 5073 1301 5124 de
1318 5073 1497 5125 Praetextato
1517 5074 1659 5140 congessit
1676 5075 1778 5127 Mabul
1798 5077 1820 5128 1.
1838 5094 1879 5141 c.,
1896 5076 1947 5144 qui

717 5151 805 5206 reiert
835 5170 909 5210 auno
939 5158 1167 5212 ccccuxxxlv
1196 5177 1224 5225 p.
1259 5157 1312 5209 ch.
1344 5173 1408 5208 eum
1437 5157 1526 5209 luisse
1553 5158 1732 5226 designatum
1764 5162 1947 5227 praelectum

717 5238 780 5290 ”lbi
799 5240 845 5302 ¹¹)
863 5240 1081 5311 imperatoribus
1098 5242 1294 5298 Valentiniano
1312 5249 1341 5295 ct
1357 5243 1484 5307 l'nlcuts,
1502 5244 1530 5293 et
1544 5242 1747 5296 Gotboiredum
1770 5246 1817 5311 ¹²)
1837 5246 1948 5299 codicis

636 5369 647 5402 ι
711 5322 861 5379 cuiusdam
876 5331 1084 5403 manuscripti
1106 5328 1277 5385 anctoritate
1295 5326 1461 5380 neutuna
1479 5327 1577 5378 cedem
1600 5327 1653 5380 illo
1670 5344 1743 5381 ιιιιιιι
1764 5347 1831 5383 auus
1854 5333 1949 5387 inisse
