5092 6425
1170 877 1308 947 CAPUT
1330 880 1370 945 ΙΙ.
1828 908 1881 951 xrr

656 1055 707 1102 tam
727 1052 783 1101 bae
803 1049 1013 1113 disputationes
1028 1065 1117 1120 quam
1140 1050 1247 1103 initium
1270 1052 1387 1120 tertiae,
1418 1063 1499 1116 quam
1523 1053 1617 1105 babuit
1634 1054 1881 1108 Praetextatus

656 1138 686 1186 de
705 1135 781 1186 iuris
800 1132 938 1198 pontificii
955 1136 1075 1187 scientia
1093 1137 1217 1188 eiusdem
1233 1141 1346 1200 poetae.

722 1221 806 1280 Quae
829 1232 904 1270 nnnc
922 1220 1056 1284 leguntur
1071 1221 1100 1273 in
1118 1221 1257 1284 principio
1273 1221 1357 1272 libri
1375 1221 1448 1285 lil.,
1468 1233 1504 1271 ea
1520 1225 1650 1285 spectant
1665 1222 1700 1272 ad
1719 1220 1791 1272 iuris
1810 1237 1882 1285 pon-

656 1302 736 1357 tificii
755 1318 818 1355 eam
834 1305 942 1370 legem,
961 1317 977 1354 e
996 1319 1051 1369 qua
1066 1306 1122 1357 nisi
1139 1319 1214 1370 aqua
1233 1305 1340 1357 iluviali
1357 1305 1485 1370 purgatis
1503 1319 1558 1356 non
1577 1306 1683 1357 licebat
1699 1306 1752 1357 diis
1769 1307 1881 1369 superis

655 1402 740 1441 sacra
758 1390 874 1453 iacere,
899 1403 1015 1453 eamque
1039 1404 1094 1441 non
1112 1391 1276 1454 neglexisse
1294 1391 1441 1455 Virgilium
1460 1388 1500 1440 ait
1515 1390 1675 1455 Vettius,
1696 1392 1801 1442 addens
1818 1403 1880 1442 eum

655 1486 711 1525 uon
733 1473 935 1538 ignoravisse,
962 1472 1028 1526 cum'
1049 1474 1146 1525 inieris
1172 1475 1305 1526 litandum
1325 1480 1418 1541 esset,
1442 1474 1514 1524 satis
1534 1479 1626 1525 actum
1649 1475 1754 1539 videri,
1775 1476 1801 1525 si
1818 1477 1881 1538 quis

655 1571 729 1622 aqua
756 1571 790 1608 se
819 1559 1003 1621 aspersisset.
1050 1561 1142 1613 Docet
1164 1560 1263 1611 deinde
1288 1563 1328 1620 (c.
1351 1560 1391 1620 2.)
1414 1554 1621 1609 sacrificalibus
1649 1559 1744 1610 verbis
1769 1561 1881 1622 proprie

656 1649 765 1706 poetam
784 1656 853 1693 esse
872 1657 965 1706 nsum,
982 1644 1107 1707 inprimis
1123 1643 1275 1708 diligenter
1291 1657 1353 1694 eum
1371 1643 1586 1709 observavisse,
1603 1647 1643 1703 (e.
1662 1644 1701 1701 8.)
1720 1643 1783 1707 quid
1803 1649 1882 1694 esset

657 1740 786 1794 sacrum,
806 1727 871 1791 quid
890 1729 1052 1794 profanum,
1070 1728 1133 1791 quid
1150 1733 1293 1794 sanctum,
1310 1728 1374 1792 quid
1394 1727 1573 1792 religiosum,
1607 1731 1646 1786 (c.
1665 1726 1704 1787 i.)
1723 1727 1785 1790 quid
1804 1733 1883 1778 esset

657 1811 813 1877 delubrum,
832 1812 897 1875 quid
914 1812 952 1862 dii
967 1813 1100 1877 Penates,
1117 1815 1156 1871 (c.
1175 1816 1216 1874 b.)
1231 1813 1331 1877 pinibus
1350 1813 1405 1863 diis
1422 1825 1493 1877 quae
1512 1810 1620 1862 bostiae
1642 1816 1740 1861 essent
1758 1818 1883 1862 mactan-

657 1897 724 1962 dae,
754 1909 873 1960 eumque
893 1897 1065 1948 Mezentium
1085 1896 1192 1946 dixisse
1215 1903 1414 1964 contemptorem
1434 1895 1554 1955 deorum,
1582 1898 1676 1962 „quod
1700 1896 1811 1946 divinos
1828 1896 1883 1948 sibi

657 1981 806 2046 exegisset
823 1978 977 2031 bonores.“
1026 1983 1068 2032 lix
1085 1981 1225 2043 Apollinis
1242 1981 1316 2031 Delii
1334 1986 1363 2031 et
1381 1980 1512 2032 ilercnlis
1530 1980 1657 2031 Victoris
1675 1981 1768 2030 sacris
1785 1986 1824 2041 (c.
1842 1981 1882 2041 ti.)

658 2065 784 2116 ostendit
802 2064 952 2127 Virgilium
976 2068 1030 2115 tam
1052 2069 1231 2116 externorum
1256 2079 1337 2129 quam
1356 2067 1543 2115 Romanorum
1565 2076 1711 2115 sacrorum
1728 2066 1818 2117 tuisse
1833 2079 1883 2128 pe-

657 2148 753 2215 ritum,
767 2149 919 2212 adiicitque
939 2154 979 2210 (e.
992 2150 1031 2210 7.)
1049 2151 1135 2200 multa
1152 2163 1223 2213 quae
1237 2150 1388 2214 legentium
1407 2151 1510 2213 vulgus
1527 2152 1687 2210 praetereat
1703 2150 1775 2211 apud
1785 2150 1884 2214 Virgi-

657 2234 725 2285 lium
746 2246 803 2283 non
826 2246 924 2283 carere
948 2247 1034 2284 sensu
1053 2236 1209 2302 protunda,
1243 2238 1283 2294 (c.
1301 2233 1341 2294 8.)
1366 2235 1400 2283 ab
1422 2233 1558 2295 imperitis
1577 2234 1712 2283 nonnulla
1732 2246 1798 2283 esse
1817 2246 1884 2284 cor·

658 2321 763 2385 rupta,
795 2322 824 2367 et
846 2319 982 2369 vocabula
1001 2332 1018 2368 a
1035 2319 1157 2383 Virgilio
1181 2331 1248 2369 esse
1272 2321 1409 2380 usurpata
1425 2316 1555 2380 proprie,
1586 2316 1633 2367 ubi
1650 2329 1707 2367 non
1723 2317 1882 2384 videantur,

661 2408 704 2462 (o.
730 2401 771 2461 9.)
802 2401 1071 2468 vetustissimamque
1097 2417 1158 2455 etim
1179 2402 1381 2454 observavisse
1404 2414 1508 2452 morem
1530 2403 1718 2451 Romanorum
1746 2403 1883 2452 evocandi

660 2499 697 2537 ex
715 2485 831 2536 urbibus
849 2488 1041 2550 oppugnandis
1059 2490 1142 2552 deos,
1180 2487 1280 2552 quain
1299 2499 1331 2537 re
1355 2485 1479 2536 carmina
1499 2486 1608 2549 profert
1631 2485 1730 2548 quibus
1756 2485 1813 2535 siut
1830 2486 1882 2536 usi.

658 2562 749 2623 Vettii
766 2570 956 2632 disputatione
973 2569 1052 2622 linita
1066 2571 1274 2636 Euangelus
1291 2576 1350 2632 (ce.
1369 2569 1484 2629 10-12.)
1505 2569 1602 2621 obiicit
1619 2570 1752 2632 quaedam
1771 2569 1799 2620 in
1821 2570 1885 2632 qui·

659 2656 711 2707 bus
731 2654 870 2719 Virgilius
893 2655 1070 2707 inscientiam
1087 2670 1179 2708 rerum
1202 2646 1346 2708 sacrarum
1367 2657 1486 2719 prodere
1509 2654 1563 2705 sibi
1587 2653 1731 2720 videatur,
1758 2655 1883 2717 adquae

659 2741 814 2804 respondet
835 2739 985 2791 Vettius.
1033 2741 1135 2792 Ultima
1157 2747 1248 2791 tamen
1275 2740 1397 2791 obiectio
1423 2739 1594 2792 refutatione
1616 2742 1710 2803 caret,
1744 2740 1817 2790 uude
1838 2740 1883 2790 bio

659 2837 772 2889 quoque
791 2824 934 2874 excidisse
956 2826 1089 2887 quaedam
1107 2830 1232 2887 apparet.

729 2910 809 2968 Quae
828 2912 984 2972 sequuntur
1001 2913 1042 2969 (c.
1058 2908 1129 2974 13),
1163 2920 1198 2960 ea
1215 2909 1354 2973 pertinent
1370 2909 1405 2959 ad
1423 2919 1568 2958 sermones
1588 2905 1662 2957 inter
1683 2907 1787 2969 poeula
1806 2907 1885 2958 itabi-

659 2996 715 3044 tos.
750 2992 892 3056 Loquitur
912 2997 957 3052 (nt
981 2996 1098 3055 apparet
1118 3006 1154 3042 ex
1177 3006 1238 3056 cap.
1254 2993 1312 3052 11.)
1337 2993 1493 3043 Caecina
1512 2991 1676 3054 Albinus,
1711 2991 1825 3054 agitque
1849 2992 1883 3041 de

657 3077 771 3129 inuria
791 3078 824 3138 Q.
842 3077 990 3143 Herennii,
1014 3077 1095 3128 Fabii
1115 3075 1257 3145 Gurgitis,
1272 3077 1381 3128 Metelli
1398 3077 1456 3142 Pii,
1475 3076 1584 3126 Metelli
1600 3071 1747 3126 Pontificio
1766 3075 1884 3138 maximi,

659 3161 743 3214 culus
761 3174 880 3211 coenam
894 3157 1083 3225 pontificalem
1101 3162 1226 3228 exponit,
1242 3166 1270 3211 et
1285 3161 1389 3212 aetatis
1407 3161 1474 3211 'litii
1492 3165 1576 3224 atque
1592 3159 1742 3223 Varronis,
1762 3159 1884 3223 dicitque

660 3260 692 3298 se
714 3246 901 3310 respondisse
926 3249 1021 3297 lloro
1044 3246 1167 3308 ipsorum
1191 3247 1295 3297 aetatis
1317 3246 1477 3310 obiurganti
1500 3245 1648 3318 luxuriam.
1700 3243 1819 3294 subiicit
1844 3249 1883 3303 (e.

660 3331 717 3391 11.)
735 3330 868 3382 Furius
885 3331 1036 3381 Albinus
1057 3332 1235 3382 saltationem
1253 3344 1309 3381 non
1328 3335 1434 3392 turpem
1451 3329 1540 3379 tuisse
1555 3329 1627 3389 apud
1646 3330 1770 3390 veteres,
1788 3330 1887 3376 osten-

660 3416 757 3479 ditque
778 3414 900 3479 (c.1·'t.),
916 3420 1020 3477 quanto
1040 3415 1067 3465 ln
1083 3417 1173 3479 pretio
1193 3415 1269 3478 apud.
1285 3427 1336 3463 eos
1355 3412 1459 3463 tuerint
1476 3412 1581 3474 pisces,
1598 3408 1724 3471 inprimis
1743 3422 1886 3476 muraena,

662 3498 780 3563 (c.1b.)
804 3499 954 3561 acipenser
978 3501 1077 3550 mullus
1102 3514 1204 3550 scarus
1227 3500 1319 3560 lupus.
1354 3495 1469 3546 Transit
1495 3492 1781 3553 deinde(c.17.)ad
1804 3493 1885 3557 leges

662 3587 764 3635 eontra
783 3582 919 3634 luxuriam
937 3583 1026 3649 latas,
1048 3586 1092 3634 vel
1111 3587 1145 3634 ab
1165 3582 1302 3647 Antonio,
1322 3581 1402 3631 cuius
1420 3584 1504 3642 atque
1523 3567 1691 3640 Cleopatrae
1710 3579 1789 3627 notat
1804 3579 1887 3628 luxu-

661 3668 741 3719 riam.
782 3670 824 3718 lto
848 3668 937 3717 aditae
960 3667 1070 3717 dicente
1093 3672 1132 3727 [c.
1151 3666 1207 3726 ts.)
1231 3667 1312 3716 iliata
1335 3664 1454 3715 bellaria
1476 3663 1668 3727 Symmachum
1693 3662 1834 3713 adducunt
1855 3666 1886 3712 ut

662 3752 822 3804 'arvium
839 3751 997 3815 interroget
1016 3754 1049 3801 dc
1067 3751 1155 3802 variis
1173 3763 1273 3801 nucum
1291 3749 1462 3814 pominibus,
1487 3760 1558 3812 quae
1574 3746 1622 3797 iile
1641 3750 1785 3797 enumerat
1802 3750 1885 3810 atque

661 3836 801 3900 explicat,
832 3836 962 3899 additque
979 3841 1018 3896 (c.
1035 3837 1092 3895 19.)
1108 3835 1242 3886 maiorum
1265 3838 1294 3885 et
1314 3834 1452 3901 pirorum,
1483 3838 1523 3894 (c.
1542 3831 1597 3890 20.)
1620 3828 1735 3881 ficorum
1761 3832 1885 3881 olearum

661 3932 836 3982 uvarumque
855 3932 971 3984 genera.
1006 3921 1131 3983 lienique
1151 3920 1351 3970 Praetextatus
1368 3923 1463 3969 monet
1487 3923 1518 3967 ut
1536 3916 1694 3979 discedant,
1731 3915 1774 3964 die
1794 3919 1886 3965 autem

662 4006 793 4058 erastino
813 4004 1005 4067 Symmachi
1020 4006 1126 4054 domum
1153 4005 1323 4054 conveniant
1341 4014 1458 4066 cumque
1479 4001 1608 4065 audiant,
1641 3999 1687 4063 qul
1708 3998 1820 4048 ridetur
1844 3998 1887 4059 (in

661 4090 699 4141 iis
724 4101 798 4152 quae
816 4093 882 4151 post
901 4101 963 4151 cap.
982 4088 1023 4139 12.
1048 4087 1279 4153 interciderunt),
1309 4092 1340 4138 ut
1356 4087 1510 4137 Flavianus
1532 4084 1560 4134 in
1578 4084 1650 4133 libro
1668 4083 1705 4147 l.,
1739 4088 1887 4146 antequam

661 4175 732 4227 itum
750 4178 796 4223 est
814 4175 848 4223 ad
868 4184 998 4239 coenam,
1018 4185 1069 4223 eos
1088 4173 1116 4222 in
1134 4178 1278 4235 posterum
1295 4172 1365 4221 diem
1383 4173 1417 4221 ad
1436 4183 1468 4236 se
1485 4168 1632 4217 invitasse.

731 4259 775 4309 De
803 4257 921 4320 primis
941 4258 1070 4307 duabus
1094 4257 1194 4307 habitis
1214 4258 1269 4307 die
1292 4255 1400 4305 tertio
1422 4247 1657 4315 disputationibtis
1677 4246 1760 4296 unius
1783 4250 1888 4298 tantum

663 4342 692 4393 in
711 4341 807 4392 libro
833 4344 956 4403 quarto
980 4342 1061 4391 nobis
1080 4342 1181 4392 relicta
1200 4345 1339 4402 estpars.
1392 4310 1629 4400 symmac-husi
1664 4342 1744 4394 quem
1766 4332 1818 4380 boo
1843 4332 1888 4382 die

664 4427 783 4491 primum
807 4427 965 4476 locuturum
989 4439 1055 4476 esse
1079 4427 1166 4487 pridie
1189 4425 1258 4475 dixit
1279 4424 1494 4484 Praetextatus,
1526 4417 1568 4484 (l,
1591 4415 1639 4484 tt,
1659 4416 1716 4475 11.)
1738 4418 1889 4479 spopondit

665 4509 896 4577 „violentissima
915 4510 1029 4561 inventa
1047 4512 1092 4559 vel
1113 4522 1199 4560 sensa
1215 4508 1375 4561 rbetorieae
1393 4506 1421 4556 in
1441 4504 1599 4567 virgiliano
1618 4514 1649 4551 se
1670 4508 1756 4564 opere
1775 4504 1890 4553 demon-

664 4591 849 4658 straturum“,
865 4595 1030 4661 Eusebio,
1048 4608 1126 4657 quem
1145 4580 1211 4656 post
1223 4605 1285 4643 eum
1303 4589 1493 4653 disputavisse
1513 4590 1629 4649 apparat
1642 4599 1676 4635 ex
1690 4586 1753 4636 libri
1764 4588 1799 4637 V.
1812 4588 1889 4649 prin-

663 4678 751 4745 cipio,
771 4677 866 4742 (ibid.)
882 4679 952 4728 dixit
968 4692 1000 4727 se
1019 4670 1095 4742 „non
1111 4678 1272 4740 praeripere
1290 4678 1324 4726 de
1344 4674 1469 4726 oratoria
1487 4672 1558 4733 apud
1569 4670 1716 4733 Virgilium
1734 4674 1795 4721 arte
1813 4675 1890 4722 trac-

665 4759 782 4815 tatum‘t
828 4764 886 4812 Sex
915 4762 1008 4824 capita
1046 4775 1117 4825 quae
1149 4745 1301 4824 supersunt
1333 4762 1368 4810 ad
1400 4757 1519 4809 affectus
1551 4756 1691 4820 pertinent
1724 4748 1888 4805 movendos.

664 4846 818 4909 Quaeritur
843 4846 947 4913 igitur,
976 4846 1066 4897 utrius
1092 4845 1150 4895 sint
1173 4845 1381 4908 disputationis.
1416 4842 1547 4906 Equidem
1568 4839 1682 4890 collatis
1699 4838 1735 4913 iis
1759 4851 1831 4901 quae
1848 4840 1891 4889 le-

664 4937 770 4997 guntur
787 4932 835 4981 lib.
853 4930 926 4995 Vll,
949 4941 1009 4992 cap.
1027 4933 1057 4995 o,
1076 4928 1088 4993 1
1107 4928 1149 4978 1.;
1186 4928 1235 4979 Est
1253 4933 1322 4979 euim
1339 4927 1469 4980 rhetorica
1482 4924 1601 4992 prolusio
1616 4938 1763 4974 communes
1778 4922 1847 4973 iocos
1862 4923 1890 4973 im

664 5017 797 5068 euomuit
812 5021 919 5083 portem
936 5014 1145 5072 incentorum
1164 5012 1341 5065 alternatione
1358 5018 1482 5063 tractore.
1521 5009 1574 5059 Sed
1590 5007 1654 5073 quio
1670 5006 1783 5070 facilius
1807 5007 1890 5057 Grae·

665 5117 752 5153 curum
771 5098 973 5151 incertioribus
990 5113 1008 5148 o
1029 5095 1137 5149 &oecis
1149 5097 1225 5161 forte
1242 5096 1305 5147 otiis
1327 5096 1413 5146 reluta
1431 5092 1597 5161 respoudeat,
1615 5098 1649 5155 ie,
1670 5089 1805 5148 Eustotiri
1829 5105 1890 5139 oru-

665 5193 848 5247 atat'oruaer,
882 5187 913 5234 at
930 5197 1030 5234 sensu
1051 5189 1082 5234 et
1101 5182 1240 5233 inventu
1260 5180 1365 5260 Dieurii
1377 5178 1518 5231 contrariis
1541 5175 1691 5244 repellendo
1714 5174 1742 5225 in
1757 5173 1890 5240 integrum
