<?xml version="1.0" encoding="UTF-8"?>
<!DOCTYPE html PUBLIC "-//W3C//DTD XHTML 1.0 Transitional//EN"
    "http://www.w3.org/TR/xhtml1/DTD/xhtml1-transitional.dtd">
<html xmlns="http://www.w3.org/1999/xhtml" xml:lang="en" lang="en">
 <head>
  <title>
</title>
<meta http-equiv="Content-Type" content="text/html;charset=utf-8" />
  <meta name='ocr-system' content='tesseract 3.04.00' />
  <meta name='ocr-capabilities' content='ocr_page ocr_carea ocr_par ocr_line ocrx_word'/>
</head>
<body>
  <div class='ocr_page' id='page_1' title='image "./operaquaesupers00macrgoog/operaquaesupers00macrgoog_0090.png"; bbox 0 0 5092 6425; ppageno 0'>
   <div class='ocr_carea' id='block_1_1' title="bbox 1156 854 1865 928">
    <p class='ocr_par' dir='ltr' id='par_1_1' title="bbox 1156 854 1865 928">
     <span class='ocr_line' id='line_1_1' title="bbox 1156 854 1865 928; baseline 0.007 -5"><span class='ocrx_word' id='word_1_1' title='bbox 1156 854 1294 924; x_wconf 69' lang='lat' dir='ltr'>CAPUT</span> <span class='ocrx_word' id='word_1_2' title='bbox 1315 856 1369 924; x_wconf 77' lang='grc' dir='ltr'>Π.</span> <span class='ocrx_word' id='word_1_3' title='bbox 1825 885 1865 928; x_wconf 81' lang='lat' dir='ltr'>ur</span> 
     </span>
    </p>
   </div>
   <div class='ocr_carea' id='block_1_2' title="bbox 621 1023 1866 2715">
    <p class='ocr_par' dir='ltr' id='par_1_2' title="bbox 621 1023 1866 2715">
     <span class='ocr_line' id='line_1_2' title="bbox 621 1023 1866 1096; baseline 0.002 -13"><span class='ocrx_word' id='word_1_4' title='bbox 621 1028 761 1083; x_wconf 86' lang='lat' dir='ltr'>codicem</span> <span class='ocrx_word' id='word_1_5' title='bbox 783 1024 975 1096; x_wconf 72' lang='lat' dir='ltr'>duglicanun</span> <span class='ocrx_word' id='word_1_6' title='bbox 996 1024 1044 1078; x_wconf 83' lang='lat' dir='ltr'>rel</span> <span class='ocrx_word' id='word_1_7' title='bbox 1063 1023 1329 1094; x_wconf 71' lang='lat' dir='ltr'>cantebrigieurem</span> <span class='ocrx_word' id='word_1_8' title='bbox 1352 1024 1412 1091; x_wconf 82' lang='lat' dir='ltr'>(l),</span> <span class='ocrx_word' id='word_1_9' title='bbox 1436 1042 1521 1094; x_wconf 79' lang='lat' dir='ltr'>quem</span> <span class='ocrx_word' id='word_1_10' title='bbox 1545 1031 1640 1081; x_wconf 69' lang='lat' dir='ltr'>umen</span> <span class='ocrx_word' id='word_1_11' title='bbox 1662 1028 1737 1081; x_wconf 92' lang='lat' dir='ltr'>uibil</span> <span class='ocrx_word' id='word_1_12' title='bbox 1758 1029 1866 1085; x_wconf 86' lang='lat' dir='ltr'>bebere</span> 
     </span>
     <span class='ocr_line' id='line_1_3' title="bbox 628 1110 1865 1179; baseline -0.001 -9"><span class='ocrx_word' id='word_1_13' title='bbox 628 1113 772 1170; x_wconf 80' lang='lat' dir='ltr'>eiuemudi</span> <span class='ocrx_word' id='word_1_14' title='bbox 796 1128 885 1179; x_wconf 80' lang='lat' dir='ltr'>cupra</span> <span class='ocrx_word' id='word_1_15' title='bbox 906 1113 981 1178; x_wconf 89' lang='lat' dir='ltr'>(cap.</span> <span class='ocrx_word' id='word_1_16' title='bbox 999 1110 1037 1163; x_wconf 92' lang='lat' dir='ltr'>Il.</span> <span class='ocrx_word' id='word_1_17' title='bbox 1057 1128 1083 1177; x_wconf 88' lang='lat' dir='ltr'>p.</span> <span class='ocrx_word' id='word_1_18' title='bbox 1105 1113 1216 1178; x_wconf 75' lang='lat' dir='ltr'>xxxvi.)</span> <span class='ocrx_word' id='word_1_19' title='bbox 1236 1111 1498 1165; x_wconf 80' lang='lat' dir='ltr'>demeuotravimnr.</span> <span class='ocrx_word' id='word_1_20' title='bbox 1534 1113 1687 1165; x_wconf 89' lang='lat' dir='ltr'>Praeterea</span> <span class='ocrx_word' id='word_1_21' title='bbox 1704 1116 1733 1165; x_wconf 90' lang='lat' dir='ltr'>et</span> <span class='ocrx_word' id='word_1_22' title='bbox 1752 1131 1819 1167; x_wconf 84' lang='lat' dir='ltr'>ruue</span> <span class='ocrx_word' id='word_1_23' title='bbox 1836 1122 1865 1170; x_wconf 89' lang='lat' dir='ltr'>et</span> 
     </span>
     <span class='ocr_line' id='line_1_4' title="bbox 626 1196 1862 1268; baseline 0 -14"><span class='ocrx_word' id='word_1_24' title='bbox 626 1199 781 1254; x_wconf 80' lang='lat' dir='ltr'>lleurrii</span> <span class='ocrx_word' id='word_1_25' title='bbox 798 1197 906 1253; x_wconf 81' lang='lat' dir='ltr'>adiecit</span> <span class='ocrx_word' id='word_1_26' title='bbox 919 1196 1127 1250; x_wconf 72' lang='lat' dir='ltr'>adnotationes.</span> <span class='ocrx_word' id='word_1_27' title='bbox 1162 1197 1241 1251; x_wconf 77' lang='lat' dir='ltr'>Auno</span> <span class='ocrx_word' id='word_1_28' title='bbox 1255 1196 1570 1265; x_wconf 58' lang='lat' dir='ltr'>cinomannicum</span> <span class='ocrx_word' id='word_1_29' title='bbox 1589 1197 1755 1264; x_wconf 90' lang='lat' dir='ltr'>prodierunt</span> <span class='ocrx_word' id='word_1_30' title='bbox 1765 1198 1862 1268; x_wconf 80' lang='lat' dir='ltr'>carp.</span> 
     </span>
     <span class='ocr_line' id='line_1_5' title="bbox 627 1281 1862 1351; baseline -0.001 -12"><span class='ocrx_word' id='word_1_31' title='bbox 627 1284 779 1339; x_wconf 86' lang='lat' dir='ltr'>Bertlrii</span> <span class='ocrx_word' id='word_1_32' title='bbox 803 1281 1035 1345; x_wconf 73' lang='lat' dir='ltr'>Adrereeria,</span> <span class='ocrx_word' id='word_1_33' title='bbox 1066 1281 1094 1333; x_wconf 88' lang='lat' dir='ltr'>iu</span> <span class='ocrx_word' id='word_1_34' title='bbox 1118 1281 1220 1348; x_wconf 86' lang='lat' dir='ltr'>quibue</span> <span class='ocrx_word' id='word_1_35' title='bbox 1242 1282 1351 1335; x_wconf 84' lang='lat' dir='ltr'>Somuii</span> <span class='ocrx_word' id='word_1_36' title='bbox 1372 1282 1515 1351; x_wconf 75' lang='lat' dir='ltr'>Scipioni·</span> <span class='ocrx_word' id='word_1_37' title='bbox 1537 1288 1567 1334; x_wconf 91' lang='lat' dir='ltr'>et</span> <span class='ocrx_word' id='word_1_38' title='bbox 1590 1282 1862 1339; x_wconf 82' lang='lat' dir='ltr'>commentariorum</span> 
     </span>
     <span class='ocr_line' id='line_1_6' title="bbox 628 1366 1858 1434; baseline -0.001 -10"><span class='ocrx_word' id='word_1_39' title='bbox 628 1372 687 1424; x_wconf 87' lang='lat' dir='ltr'>luci</span> <span class='ocrx_word' id='word_1_40' title='bbox 711 1369 844 1423; x_wconf 83' lang='lat' dir='ltr'>nonnulli</span> <span class='ocrx_word' id='word_1_41' title='bbox 869 1366 992 1421; x_wconf 84' lang='lat' dir='ltr'>correcti</span> <span class='ocrx_word' id='word_1_42' title='bbox 1017 1369 1083 1418; x_wconf 84' lang='lat' dir='ltr'>euut</span> <span class='ocrx_word' id='word_1_43' title='bbox 1110 1382 1126 1417; x_wconf 89' lang='lat' dir='ltr'>e</span> <span class='ocrx_word' id='word_1_44' title='bbox 1152 1367 1300 1421; x_wconf 85' lang='lat' dir='ltr'>codicibur</span> <span class='ocrx_word' id='word_1_45' title='bbox 1326 1386 1393 1421; x_wconf 76' lang='lat' dir='ltr'>mro.</span> <span class='ocrx_word' id='word_1_46' title='bbox 1421 1369 1463 1434; x_wconf 88' lang='lat'>¹⁴)</span> <span class='ocrx_word' id='word_1_47' title='bbox 1503 1367 1557 1419; x_wconf 83' lang='lat' dir='ltr'>llio</span> <span class='ocrx_word' id='word_1_48' title='bbox 1583 1374 1612 1420; x_wconf 91' lang='lat' dir='ltr'>et</span> <span class='ocrx_word' id='word_1_49' title='bbox 1634 1366 1672 1419; x_wconf 84' lang='lat' dir='ltr'>iie</span> <span class='ocrx_word' id='word_1_50' title='bbox 1697 1384 1770 1434; x_wconf 76' lang='lat' dir='ltr'>qnae</span> <span class='ocrx_word' id='word_1_51' title='bbox 1790 1369 1858 1423; x_wconf 87' lang='lat' dir='ltr'>Pet.</span> 
     </span>
     <span class='ocr_line' id='line_1_7' title="bbox 627 1450 1859 1517; baseline -0.002 -7"><span class='ocrx_word' id='word_1_52' title='bbox 627 1455 833 1511; x_wconf 81' lang='lat' dir='ltr'>Scriveriue</span> <span class='ocrx_word' id='word_1_53' title='bbox 861 1470 927 1506; x_wconf 89' lang='lat' dir='ltr'>cum</span> <span class='ocrx_word' id='word_1_54' title='bbox 954 1469 988 1505; x_wconf 88' lang='lat' dir='ltr'>eo</span> <span class='ocrx_word' id='word_1_55' title='bbox 1016 1450 1234 1504; x_wconf 67' lang='lat' dir='ltr'><strong>communicavit</strong></span> <span class='ocrx_word' id='word_1_56' title='bbox 1261 1455 1340 1507; x_wconf 70' lang='lat' dir='ltr'>ueur‘</span> <span class='ocrx_word' id='word_1_57' title='bbox 1357 1460 1402 1508; x_wconf 85' lang='lat' dir='ltr'>eet</span> <span class='ocrx_word' id='word_1_58' title='bbox 1427 1455 1466 1506; x_wconf 87' lang='lat' dir='ltr'>le.</span> <span class='ocrx_word' id='word_1_59' title='bbox 1492 1453 1687 1517; x_wconf 78' lang='lat' dir='ltr'>Pontauur,</span> <span class='ocrx_word' id='word_1_60' title='bbox 1716 1471 1779 1507; x_wconf 85' lang='lat' dir='ltr'>curu</span> <span class='ocrx_word' id='word_1_61' title='bbox 1803 1455 1859 1508; x_wconf 89' lang='lat' dir='ltr'>ite-</span> 
     </span>
     <span class='ocr_line' id='line_1_8' title="bbox 626 1535 1859 1606; baseline 0 -12"><span class='ocrx_word' id='word_1_62' title='bbox 626 1559 689 1594; x_wconf 82' lang='lat' dir='ltr'>rum</span> <span class='ocrx_word' id='word_1_63' title='bbox 707 1542 806 1594; x_wconf 87' lang='lat' dir='ltr'>ederet</span> <span class='ocrx_word' id='word_1_64' title='bbox 823 1537 1001 1592; x_wconf 69' lang='lat' dir='ltr'>Murocin-</span> <span class='ocrx_word' id='word_1_65' title='bbox 1024 1554 1052 1589; x_wconf 89' lang='grc' dir='ltr'>ιι.</span> <span class='ocrx_word' id='word_1_66' title='bbox 1075 1535 1281 1591; x_wconf 76' lang='lat' dir='ltr'>mucxxvm.</span> <span class='ocrx_word' id='word_1_67' title='bbox 1300 1542 1374 1606; x_wconf 72' lang='lat' dir='ltr'>(pt),</span> <span class='ocrx_word' id='word_1_68' title='bbox 1401 1539 1429 1591; x_wconf 92' lang='lat' dir='ltr'>io</span> <span class='ocrx_word' id='word_1_69' title='bbox 1448 1535 1574 1592; x_wconf 88' lang='lat' dir='ltr'>auctario</span> <span class='ocrx_word' id='word_1_70' title='bbox 1592 1538 1761 1605; x_wconf 80' lang='lat' dir='ltr'>praeuertim</span> <span class='ocrx_word' id='word_1_71' title='bbox 1778 1546 1859 1594; x_wconf 85' lang='lat' dir='ltr'>aota-</span> 
     </span>
     <span class='ocr_line' id='line_1_9' title="bbox 627 1622 1857 1691; baseline -0.002 -12"><span class='ocrx_word' id='word_1_72' title='bbox 627 1642 698 1680; x_wconf 76' lang='lat' dir='ltr'>run.</span> <span class='ocrx_word' id='word_1_73' title='bbox 732 1626 804 1678; x_wconf 82' lang='lat' dir='ltr'>Poot</span> <span class='ocrx_word' id='word_1_74' title='bbox 819 1641 886 1676; x_wconf 82' lang='lat' dir='ltr'>cum</span> <span class='ocrx_word' id='word_1_75' title='bbox 908 1623 1018 1691; x_wconf 80' lang='lat' dir='ltr'>primur</span> <span class='ocrx_word' id='word_1_76' title='bbox 1041 1636 1156 1688; x_wconf 80' lang='lat' dir='ltr'>operam</span> <span class='ocrx_word' id='word_1_77' title='bbox 1180 1624 1296 1676; x_wconf 85' lang='lat' dir='ltr'>navarit</span> <span class='ocrx_word' id='word_1_78' title='bbox 1314 1625 1460 1678; x_wconf 81' lang='lat' dir='ltr'>blucrobio</span> <span class='ocrx_word' id='word_1_79' title='bbox 1476 1624 1626 1677; x_wconf 81' lang='lat' dir='ltr'>lacobue</span> <span class='ocrx_word' id='word_1_80' title='bbox 1646 1622 1857 1690; x_wconf 82' lang='lat' dir='ltr'>Gronoviue,</span> 
     </span>
     <span class='ocr_line' id='line_1_10' title="bbox 626 1701 1856 1780; baseline -0.001 -16"><span class='ocrx_word' id='word_1_81' title='bbox 626 1713 675 1780; x_wconf 77' lang='lat' dir='ltr'>qui</span> <span class='ocrx_word' id='word_1_82' title='bbox 701 1711 801 1764; x_wconf 86' lang='lat' dir='ltr'>morbo</span> <span class='ocrx_word' id='word_1_83' title='bbox 822 1708 978 1778; x_wconf 81' lang='lat' dir='ltr'>impeditur</span> <span class='ocrx_word' id='word_1_84' title='bbox 1008 1706 1157 1775; x_wconf 85' lang='lat' dir='ltr'>quomiuue</span> <span class='ocrx_word' id='word_1_85' title='bbox 1182 1725 1241 1760; x_wconf 88' lang='lat' dir='ltr'>rem</span> <span class='ocrx_word' id='word_1_86' title='bbox 1264 1709 1321 1775; x_wconf 88' lang='lat' dir='ltr'>ita,</span> <span class='ocrx_word' id='word_1_87' title='bbox 1350 1717 1382 1763; x_wconf 87' lang='lat' dir='ltr'>ut</span> <span class='ocrx_word' id='word_1_88' title='bbox 1406 1701 1513 1776; x_wconf 75' lang='lat' dir='ltr'>voluit,</span> <span class='ocrx_word' id='word_1_89' title='bbox 1543 1709 1707 1778; x_wconf 87' lang='lat' dir='ltr'>perliceret,</span> <span class='ocrx_word' id='word_1_90' title='bbox 1736 1710 1856 1763; x_wconf 82' lang='lat' dir='ltr'>alteram</span> 
     </span>
     <span class='ocr_line' id='line_1_11' title="bbox 625 1793 1857 1860; baseline -0.002 -10"><span class='ocrx_word' id='word_1_91' title='bbox 625 1794 931 1860; x_wconf 66' lang='lat' dir='ltr'>reuertentem,</span> <span class='ocrx_word' id='word_1_92' title='bbox 953 1793 1062 1848; x_wconf 84' lang='lat' dir='ltr'>additio</span> <span class='ocrx_word' id='word_1_93' title='bbox 1081 1795 1271 1848; x_wconf 80' lang='lat' dir='ltr'>tantummodo</span> <span class='ocrx_word' id='word_1_94' title='bbox 1289 1794 1349 1846; x_wconf 84' lang='lat' dir='ltr'>uuir</span> <span class='ocrx_word' id='word_1_95' title='bbox 1367 1795 1613 1860; x_wconf 69' lang='lat' dir='ltr'>adnotationibus,</span> <span class='ocrx_word' id='word_1_96' title='bbox 1633 1793 1668 1845; x_wconf 90' lang='lat' dir='ltr'>ad</span> <span class='ocrx_word' id='word_1_97' title='bbox 1687 1809 1756 1860; x_wconf 80' lang='lat' dir='ltr'>quaa</span> <span class='ocrx_word' id='word_1_98' title='bbox 1773 1795 1857 1848; x_wconf 86' lang='lat' dir='ltr'>adbi-</span> 
     </span>
     <span class='ocr_line' id='line_1_12' title="bbox 625 1878 1855 1951; baseline -0.002 -16"><span class='ocrx_word' id='word_1_99' title='bbox 625 1882 688 1935; x_wconf 89' lang='lat' dir='ltr'>boit</span> <span class='ocrx_word' id='word_1_100' title='bbox 709 1883 871 1951; x_wconf 77' lang='lat' dir='ltr'>complure·</span> <span class='ocrx_word' id='word_1_101' title='bbox 897 1880 1009 1933; x_wconf 71' lang='lat' dir='ltr'>cedices</span> <span class='ocrx_word' id='word_1_102' title='bbox 1035 1895 1119 1931; x_wconf 88' lang='lat' dir='ltr'>mauu</span> <span class='ocrx_word' id='word_1_103' title='bbox 1143 1878 1265 1947; x_wconf 79' lang='lat' dir='ltr'>oeriptoe</span> <span class='ocrx_word' id='word_1_104' title='bbox 1289 1881 1365 1932; x_wconf 90' lang='lat' dir='ltr'>baud</span> <span class='ocrx_word' id='word_1_105' title='bbox 1389 1880 1539 1949; x_wconf 77' lang='lat' dir='ltr'>egregiae,</span> <span class='ocrx_word' id='word_1_106' title='bbox 1568 1880 1617 1930; x_wconf 88' lang='lat' dir='ltr'>ecd</span> <span class='ocrx_word' id='word_1_107' title='bbox 1642 1879 1733 1932; x_wconf 86' lang='lat' dir='ltr'>auctir</span> <span class='ocrx_word' id='word_1_108' title='bbox 1760 1879 1855 1947; x_wconf 82' lang='lat' dir='ltr'>petino</span> 
     </span>
     <span class='ocr_line' id='line_1_13' title="bbox 625 1963 1853 2036; baseline -0.002 -16"><span class='ocrx_word' id='word_1_109' title='bbox 625 1983 710 2036; x_wconf 77' lang='lat' dir='ltr'>quem</span> <span class='ocrx_word' id='word_1_110' title='bbox 726 1965 846 2019; x_wconf 82' lang='lat' dir='ltr'>minutio</span> <span class='ocrx_word' id='word_1_111' title='bbox 858 1965 985 2032; x_wconf 80' lang='lat' dir='ltr'>mendic,</span> <span class='ocrx_word' id='word_1_112' title='bbox 1006 1964 1083 2033; x_wconf 70' lang='lat' dir='ltr'>typi·</span> <span class='ocrx_word' id='word_1_113' title='bbox 1100 1965 1315 2017; x_wconf 72' lang='lat' dir='ltr'>describendam</span> <span class='ocrx_word' id='word_1_114' title='bbox 1334 1965 1445 2018; x_wconf 85' lang='lat' dir='ltr'>curarit</span> <span class='ocrx_word' id='word_1_115' title='bbox 1462 1963 1627 2033; x_wconf 72' lang='lat' dir='ltr'>Lugduni</span> <span class='ocrx_word' id='word_1_116' title='bbox 1642 1963 1853 2021; x_wconf 79' lang='lat' dir='ltr'>Batavorum</span> 
     </span>
     <span class='ocr_line' id='line_1_14' title="bbox 625 2049 1853 2118; baseline -0.002 -13"><span class='ocrx_word' id='word_1_117' title='bbox 625 2068 651 2105; x_wconf 84' lang='lat' dir='ltr'>a.</span> <span class='ocrx_word' id='word_1_118' title='bbox 669 2050 844 2117; x_wconf 63' lang='lat' dir='ltr'>lllicffl„</span> <span class='ocrx_word' id='word_1_119' title='bbox 862 2067 898 2103; x_wconf 80' lang='lat' dir='ltr'>ex</span> <span class='ocrx_word' id='word_1_120' title='bbox 915 2050 1031 2103; x_wconf 82' lang='lat' dir='ltr'>cilicina</span> <span class='ocrx_word' id='word_1_121' title='bbox 1049 2050 1079 2101; x_wconf 77' lang='lat' dir='ltr'>A.</span> <span class='ocrx_word' id='word_1_122' title='bbox 1096 2050 1193 2102; x_wconf 85' lang='lat' dir='ltr'>Doude</span> <span class='ocrx_word' id='word_1_123' title='bbox 1211 2057 1239 2102; x_wconf 90' lang='lat' dir='ltr'>et</span> <span class='ocrx_word' id='word_1_124' title='bbox 1253 2050 1283 2102; x_wconf 83' lang='lat' dir='ltr'>C.</span> <span class='ocrx_word' id='word_1_125' title='bbox 1301 2049 1478 2118; x_wconf 80' lang='lat' dir='ltr'>llriehuyeeo</span> <span class='ocrx_word' id='word_1_126' title='bbox 1494 2051 1545 2116; x_wconf 76' lang='lat' dir='ltr'>(d).</span> <span class='ocrx_word' id='word_1_127' title='bbox 1578 2050 1611 2102; x_wconf 88' lang='lat' dir='ltr'>lu</span> <span class='ocrx_word' id='word_1_128' title='bbox 1625 2050 1799 2117; x_wconf 69' lang='lat' dir='ltr'>praefatione</span> <span class='ocrx_word' id='word_1_129' title='bbox 1811 2053 1853 2116; x_wconf 74' lang='lat'>¹⁵)</span> 
     </span>
     <span class='ocr_line' id='line_1_15' title="bbox 626 2135 1852 2204; baseline -0.001 -15"><span class='ocrx_word' id='word_1_130' title='bbox 626 2154 658 2189; x_wconf 81' lang='lat' dir='ltr'>ue</span> <span class='ocrx_word' id='word_1_131' title='bbox 682 2135 770 2189; x_wconf 78' lang='lat' dir='ltr'>etia·</span> <span class='ocrx_word' id='word_1_132' title='bbox 796 2141 861 2204; x_wconf 84' lang='lat' dir='ltr'>port</span> <span class='ocrx_word' id='word_1_133' title='bbox 885 2136 967 2188; x_wconf 89' lang='lat' dir='ltr'>illam</span> <span class='ocrx_word' id='word_1_134' title='bbox 992 2151 1088 2187; x_wconf 87' lang='lat' dir='ltr'>curam</span> <span class='ocrx_word' id='word_1_135' title='bbox 1111 2136 1286 2188; x_wconf 82' lang='lat' dir='ltr'>Macrobiurn</span> <span class='ocrx_word' id='word_1_136' title='bbox 1309 2152 1325 2186; x_wconf 96' lang='lat' dir='ltr'>e</span> <span class='ocrx_word' id='word_1_137' title='bbox 1347 2135 1477 2187; x_wconf 78' lang='lat' dir='ltr'>manibuu</span> <span class='ocrx_word' id='word_1_138' title='bbox 1497 2152 1550 2187; x_wconf 89' lang='lat' dir='ltr'>ooo</span> <span class='ocrx_word' id='word_1_139' title='bbox 1571 2151 1635 2186; x_wconf 83' lang='lat' dir='ltr'>erre</span> <span class='ocrx_word' id='word_1_140' title='bbox 1659 2135 1852 2201; x_wconf 74' lang='lat' dir='ltr'>deponiturum</span> 
     </span>
     <span class='ocr_line' id='line_1_16' title="bbox 625 2217 1853 2290; baseline -0.001 -17"><span class='ocrx_word' id='word_1_141' title='bbox 625 2221 774 2290; x_wconf 73' lang='lat' dir='ltr'>pellicitus</span> <span class='ocrx_word' id='word_1_142' title='bbox 790 2225 844 2287; x_wconf 83' lang='lat' dir='ltr'>cot,</span> <span class='ocrx_word' id='word_1_143' title='bbox 859 2225 889 2273; x_wconf 89' lang='lat' dir='ltr'>et</span> <span class='ocrx_word' id='word_1_144' title='bbox 904 2237 936 2272; x_wconf 81' lang='lat' dir='ltr'>ue</span> <span class='ocrx_word' id='word_1_145' title='bbox 953 2236 1069 2287; x_wconf 79' lang='lat' dir='ltr'>operare</span> <span class='ocrx_word' id='word_1_146' title='bbox 1085 2219 1126 2272; x_wconf 89' lang='lat' dir='ltr'>ait</span> <span class='ocrx_word' id='word_1_147' title='bbox 1143 2221 1204 2272; x_wconf 87' lang='lat' dir='ltr'>iore</span> <span class='ocrx_word' id='word_1_148' title='bbox 1221 2227 1254 2273; x_wconf 88' lang='lat' dir='ltr'>ut</span> <span class='ocrx_word' id='word_1_149' title='bbox 1274 2220 1327 2273; x_wconf 90' lang='lat' dir='ltr'>alii</span> <span class='ocrx_word' id='word_1_150' title='bbox 1343 2221 1379 2273; x_wconf 82' lang='lat' dir='ltr'>ad</span> <span class='ocrx_word' id='word_1_151' title='bbox 1393 2236 1425 2272; x_wconf 85' lang='lat' dir='ltr'>ea</span> <span class='ocrx_word' id='word_1_152' title='bbox 1442 2235 1513 2287; x_wconf 84' lang='lat' dir='ltr'>quae</span> <span class='ocrx_word' id='word_1_153' title='bbox 1531 2218 1588 2271; x_wconf 85' lang='lat' dir='ltr'>eibi</span> <span class='ocrx_word' id='word_1_154' title='bbox 1605 2217 1756 2271; x_wconf 86' lang='lat' dir='ltr'>latuieeeut</span> <span class='ocrx_word' id='word_1_155' title='bbox 1773 2221 1853 2272; x_wconf 87' lang='lat' dir='ltr'>iuve-</span> 
     </span>
     <span class='ocr_line' id='line_1_17' title="bbox 625 2302 1852 2376; baseline -0.003 -16"><span class='ocrx_word' id='word_1_156' title='bbox 625 2306 763 2376; x_wconf 76' lang='lat' dir='ltr'>otigauda</span> <span class='ocrx_word' id='word_1_157' title='bbox 779 2305 939 2359; x_wconf 82' lang='lat' dir='ltr'>tantundem</span> <span class='ocrx_word' id='word_1_158' title='bbox 957 2304 1095 2359; x_wconf 79' lang='lat' dir='ltr'>afferrent</span> <span class='ocrx_word' id='word_1_159' title='bbox 1112 2305 1230 2358; x_wconf 68' lang='lat' dir='ltr'>laboris.</span> <span class='ocrx_word' id='word_1_160' title='bbox 1262 2304 1375 2372; x_wconf 85' lang='lat' dir='ltr'>lpeum,</span> <span class='ocrx_word' id='word_1_161' title='bbox 1400 2304 1468 2356; x_wconf 90' lang='lat' dir='ltr'>licet</span> <span class='ocrx_word' id='word_1_162' title='bbox 1483 2302 1659 2355; x_wconf 78' lang='lat' dir='ltr'>blecrobium</span> <span class='ocrx_word' id='word_1_163' title='bbox 1676 2321 1732 2356; x_wconf 87' lang='lat' dir='ltr'>ueu</span> <span class='ocrx_word' id='word_1_164' title='bbox 1749 2304 1852 2356; x_wconf 80' lang='lat' dir='ltr'>iterem</span> 
     </span>
     <span class='ocr_line' id='line_1_18' title="bbox 627 2387 1853 2458; baseline -0.002 -14"><span class='ocrx_word' id='word_1_165' title='bbox 627 2389 765 2456; x_wconf 85' lang='lat' dir='ltr'>ediderit,</span> <span class='ocrx_word' id='word_1_166' title='bbox 782 2390 895 2444; x_wconf 79' lang='lat' dir='ltr'>otetiare</span> <span class='ocrx_word' id='word_1_167' title='bbox 913 2390 1062 2458; x_wconf 86' lang='lat' dir='ltr'>premireie</span> <span class='ocrx_word' id='word_1_168' title='bbox 1082 2397 1222 2444; x_wconf 76' lang='lat' dir='ltr'>tentantur</span> <span class='ocrx_word' id='word_1_169' title='bbox 1240 2406 1273 2442; x_wconf 84' lang='lat' dir='ltr'>eu</span> <span class='ocrx_word' id='word_1_170' title='bbox 1295 2406 1368 2456; x_wconf 83' lang='lat' dir='ltr'>quae</span> <span class='ocrx_word' id='word_1_171' title='bbox 1384 2388 1511 2442; x_wconf 81' lang='lat' dir='ltr'>enotavit</span> <span class='ocrx_word' id='word_1_172' title='bbox 1527 2404 1544 2439; x_wconf 89' lang='lat' dir='ltr'>e</span> <span class='ocrx_word' id='word_1_173' title='bbox 1560 2387 1705 2440; x_wconf 72' lang='lat' dir='ltr'>codicibus</span> <span class='ocrx_word' id='word_1_174' title='bbox 1724 2387 1853 2457; x_wconf 75' lang='lat' dir='ltr'>buglicie</span> 
     </span>
     <span class='ocr_line' id='line_1_19' title="bbox 626 2475 1851 2547; baseline -0.002 -19"><span class='ocrx_word' id='word_1_175' title='bbox 626 2477 680 2540; x_wconf 88' lang='lat' dir='ltr'>(ci.</span> <span class='ocrx_word' id='word_1_176' title='bbox 704 2491 766 2543; x_wconf 87' lang='lat' dir='ltr'>cap.</span> <span class='ocrx_word' id='word_1_177' title='bbox 785 2475 815 2527; x_wconf 69' lang='grc' dir='ltr'>Ὺ.</span> <span class='ocrx_word' id='word_1_178' title='bbox 830 2478 857 2542; x_wconf 89' lang='lat'>1,</span> <span class='ocrx_word' id='word_1_179' title='bbox 875 2477 928 2542; x_wconf 79' lang='lat' dir='ltr'>c)2</span> <span class='ocrx_word' id='word_1_180' title='bbox 956 2477 1004 2527; x_wconf 77' lang='lat' dir='ltr'>aed</span> <span class='ocrx_word' id='word_1_181' title='bbox 1031 2476 1067 2528; x_wconf 91' lang='lat' dir='ltr'>de</span> <span class='ocrx_word' id='word_1_182' title='bbox 1085 2476 1152 2530; x_wconf 82' lang='lat' dir='ltr'>aliie</span> <span class='ocrx_word' id='word_1_183' title='bbox 1173 2475 1301 2546; x_wconf 87' lang='lat' dir='ltr'>proximo</span> <span class='ocrx_word' id='word_1_184' title='bbox 1321 2481 1397 2528; x_wconf 91' lang='lat' dir='ltr'>certe</span> <span class='ocrx_word' id='word_1_185' title='bbox 1418 2481 1544 2547; x_wconf 83' lang='lat' dir='ltr'>tempore</span> <span class='ocrx_word' id='word_1_186' title='bbox 1565 2488 1632 2539; x_wconf 80' lang='lat' dir='ltr'>epea</span> <span class='ocrx_word' id='word_1_187' title='bbox 1649 2489 1711 2525; x_wconf 87' lang='lat' dir='ltr'>eum</span> <span class='ocrx_word' id='word_1_188' title='bbox 1736 2475 1851 2526; x_wconf 85' lang='lat' dir='ltr'>ielcllit.</span> 
     </span>
     <span class='ocr_line' id='line_1_20' title="bbox 624 2558 1849 2630; baseline -0.002 -15"><span class='ocrx_word' id='word_1_189' title='bbox 624 2561 695 2615; x_wconf 79' lang='lat' dir='ltr'>Nam</span> <span class='ocrx_word' id='word_1_190' title='bbox 715 2561 763 2630; x_wconf 86' lang='lat' dir='ltr'>qui</span> <span class='ocrx_word' id='word_1_191' title='bbox 781 2577 808 2614; x_wconf 86' lang='lat' dir='ltr'>a.</span> <span class='ocrx_word' id='word_1_192' title='bbox 825 2559 999 2613; x_wconf 71' lang='lat' dir='ltr'>uocxclu</span> <span class='ocrx_word' id='word_1_193' title='bbox 1033 2559 1185 2614; x_wconf 77' lang='lat' dir='ltr'>boudiui</span> <span class='ocrx_word' id='word_1_194' title='bbox 1205 2561 1295 2614; x_wconf 83' lang='lat' dir='ltr'>edidit</span> <span class='ocrx_word' id='word_1_195' title='bbox 1309 2577 1395 2628; x_wconf 90' lang='lat' dir='ltr'>opera</span> <span class='ocrx_word' id='word_1_196' title='bbox 1414 2558 1604 2624; x_wconf 77' lang='lat' dir='ltr'>Macrobioue,</span> <span class='ocrx_word' id='word_1_197' title='bbox 1619 2558 1645 2610; x_wconf 86' lang='lat' dir='ltr'>ie</span> <span class='ocrx_word' id='word_1_198' title='bbox 1661 2558 1766 2612; x_wconf 88' lang='lat' dir='ltr'>dicitur</span> <span class='ocrx_word' id='word_1_199' title='bbox 1782 2563 1849 2628; x_wconf 74' lang='lat' dir='ltr'>(ego</span> 
     </span>
     <span class='ocr_line' id='line_1_21' title="bbox 625 2643 1849 2715; baseline -0.002 -15"><span class='ocrx_word' id='word_1_200' title='bbox 625 2648 700 2700; x_wconf 82' lang='lat' dir='ltr'>euim</span> <span class='ocrx_word' id='word_1_201' title='bbox 724 2662 866 2713; x_wconf 83' lang='lat' dir='ltr'>uunquam</span> <span class='ocrx_word' id='word_1_202' title='bbox 888 2644 948 2699; x_wconf 74' lang='lat' dir='ltr'>vidi</span> <span class='ocrx_word' id='word_1_203' title='bbox 971 2644 1039 2698; x_wconf 83' lang='lat' dir='ltr'>illae</span> <span class='ocrx_word' id='word_1_204' title='bbox 1059 2647 1211 2715; x_wconf 68' lang='lat' dir='ltr'>editiones)</span> <span class='ocrx_word' id='word_1_205' title='bbox 1234 2646 1410 2714; x_wconf 78' lang='lat' dir='ltr'>erpteeeiure</span> <span class='ocrx_word' id='word_1_206' title='bbox 1431 2643 1534 2698; x_wconf 83' lang='lat' dir='ltr'>taciem</span> <span class='ocrx_word' id='word_1_207' title='bbox 1554 2644 1758 2712; x_wconf 76' lang='lat' dir='ltr'>exemplarium</span> <span class='ocrx_word' id='word_1_208' title='bbox 1775 2645 1849 2698; x_wconf 79' lang='lat' dir='ltr'>Gro-</span> 
     </span>
    </p>
   </div>
   <div class='ocr_carea' id='block_1_3' title="bbox 620 2777 1848 4607">
    <p class='ocr_par' dir='ltr' id='par_1_3' title="bbox 621 2777 1848 3392">
     <span class='ocr_line' id='line_1_22' title="bbox 623 2777 1848 2902; baseline 0 -4"><span class='ocrx_word' id='word_1_209' title='bbox 623 2777 734 2899; x_wconf 63' lang='lat'>{25:32}</span> <span class='ocrx_word' id='word_1_210' title='bbox 756 2777 1516 2902; x_wconf 52' lang='lat' dir='ltr'>zitutttttffltrtlt‘ttffl“tat-’0³:333</span> <span class='ocrx_word' id='word_1_211' title='bbox 1538 2779 1752 2899; x_wconf 62' lang='lat' dir='ltr'>birliiiii⁰¹</span> <span class='ocrx_word' id='word_1_212' title='bbox 1768 2778 1848 2898; x_wconf 67' lang='lat' dir='ltr'>*itt</span> 
     </span>
     <span class='ocr_line' id='line_1_23' title="bbox 621 2863 1846 2982; baseline -0.002 -16"><span class='ocrx_word' id='word_1_213' title='bbox 621 2915 726 2968; x_wconf 79' lang='lat' dir='ltr'>mirere</span> <span class='ocrx_word' id='word_1_214' title='bbox 745 2913 929 2966; x_wconf 82' lang='lat' dir='ltr'>mutilaverat</span> <span class='ocrx_word' id='word_1_215' title='bbox 946 2881 1047 2981; x_wconf 82' lang='lat' dir='ltr'>clupei,</span> <span class='ocrx_word' id='word_1_216' title='bbox 1067 2867 1146 2982; x_wconf 69' lang='lat' dir='ltr'>quorl</span> <span class='ocrx_word' id='word_1_217' title='bbox 1158 2869 1348 2979; x_wconf 74' lang='lat' dir='ltr'>diximdudum,</span> <span class='ocrx_word' id='word_1_218' title='bbox 1363 2916 1425 2969; x_wconf 81' lang='lat' dir='ltr'>aevi</span> <span class='ocrx_word' id='word_1_219' title='bbox 1444 2883 1594 2977; x_wconf 62' lang='lat' dir='ltr'>rcaeiituo,</span> <span class='ocrx_word' id='word_1_220' title='bbox 1611 2921 1692 2966; x_wconf 87' lang='lat' dir='ltr'>eruto</span> <span class='ocrx_word' id='word_1_221' title='bbox 1708 2863 1797 2980; x_wconf 60' lang='lat' dir='ltr'>ulupllr</span> <span class='ocrx_word' id='word_1_222' title='bbox 1812 2931 1846 2965; x_wconf 84' lang='lat' dir='ltr'>ex</span> 
     </span>
     <span class='ocr_line' id='line_1_24' title="bbox 622 2980 1846 3054; baseline -0.002 -20"><span class='ocrx_word' id='word_1_223' title='bbox 622 2982 806 3036; x_wconf 82' lang='lat' dir='ltr'>Bibliotheca</span> <span class='ocrx_word' id='word_1_224' title='bbox 824 2981 1019 3049; x_wconf 74' lang='lat' dir='ltr'>Anglicaua</span> <span class='ocrx_word' id='word_1_225' title='bbox 1038 2983 1135 3035; x_wconf 89' lang='lat' dir='ltr'>codice</span> <span class='ocrx_word' id='word_1_226' title='bbox 1156 2991 1334 3054; x_wconf 73' lang='lat' dir='ltr'>porretano,</span> <span class='ocrx_word' id='word_1_227' title='bbox 1365 2985 1547 3036; x_wconf 88' lang='lat' dir='ltr'>reiormutum</span> <span class='ocrx_word' id='word_1_228' title='bbox 1564 2986 1593 3033; x_wconf 90' lang='lat' dir='ltr'>et</span> <span class='ocrx_word' id='word_1_229' title='bbox 1611 2982 1772 3034; x_wconf 87' lang='lat' dir='ltr'>ordinatum</span> <span class='ocrx_word' id='word_1_230' title='bbox 1789 2980 1846 3033; x_wconf 90' lang='lat' dir='ltr'>uti-</span> 
     </span>
     <span class='ocr_line' id='line_1_25' title="bbox 622 3048 1845 3118; baseline -0.002 -15"><span class='ocrx_word' id='word_1_231' title='bbox 622 3050 704 3115; x_wconf 88' lang='lat' dir='ltr'>liter,</span> <span class='ocrx_word' id='word_1_232' title='bbox 729 3048 897 3116; x_wconf 79' lang='lat' dir='ltr'>lacunieque</span> <span class='ocrx_word' id='word_1_233' title='bbox 917 3049 1138 3118; x_wconf 71' lang='lat' dir='ltr'>expletia&#39;quam</span> <span class='ocrx_word' id='word_1_234' title='bbox 1156 3053 1327 3105; x_wconf 80' lang='lat' dir='ltr'>rusticeiruie</span> <span class='ocrx_word' id='word_1_235' title='bbox 1345 3052 1433 3104; x_wconf 82' lang='lat' dir='ltr'>veteri</span> <span class='ocrx_word' id='word_1_236' title='bbox 1455 3066 1507 3103; x_wconf 79' lang='lat' dir='ltr'>rua</span> <span class='ocrx_word' id='word_1_237' title='bbox 1525 3056 1603 3101; x_wconf 80' lang='lat' dir='ltr'>reate</span> <span class='ocrx_word' id='word_1_238' title='bbox 1620 3056 1648 3102; x_wconf 92' lang='lat' dir='ltr'>et</span> <span class='ocrx_word' id='word_1_239' title='bbox 1666 3050 1746 3101; x_wconf 83' lang='lat' dir='ltr'>vultu</span> <span class='ocrx_word' id='word_1_240' title='bbox 1762 3049 1845 3100; x_wconf 85' lang='lat' dir='ltr'>redu-</span> 
     </span>
     <span class='ocr_line' id='line_1_26' title="bbox 623 3115 1845 3188; baseline -0.002 -18"><span class='ocrx_word' id='word_1_241' title='bbox 623 3119 723 3171; x_wconf 76' lang='lat' dir='ltr'>einue.</span> <span class='ocrx_word' id='word_1_242' title='bbox 756 3115 892 3168; x_wconf 76' lang='lat' dir='ltr'>Interfuit</span> <span class='ocrx_word' id='word_1_243' title='bbox 908 3117 981 3168; x_wconf 86' lang='lat' dir='ltr'>euim</span> <span class='ocrx_word' id='word_1_244' title='bbox 999 3118 1069 3186; x_wconf 82' lang='lat' dir='ltr'>reip.</span> <span class='ocrx_word' id='word_1_245' title='bbox 1089 3120 1248 3186; x_wconf 84' lang='lat' dir='ltr'>literariae,</span> <span class='ocrx_word' id='word_1_246' title='bbox 1273 3127 1338 3188; x_wconf 87' lang='lat' dir='ltr'>pert</span> <span class='ocrx_word' id='word_1_247' title='bbox 1355 3125 1396 3172; x_wconf 89' lang='lat' dir='ltr'>tot</span> <span class='ocrx_word' id='word_1_248' title='bbox 1412 3119 1560 3171; x_wconf 83' lang='lat' dir='ltr'>meliorum</span> <span class='ocrx_word' id='word_1_249' title='bbox 1577 3118 1688 3182; x_wconf 72' lang='lat' dir='ltr'>clades,</span> <span class='ocrx_word' id='word_1_250' title='bbox 1709 3117 1784 3168; x_wconf 87' lang='lat' dir='ltr'>huuc</span> <span class='ocrx_word' id='word_1_251' title='bbox 1801 3122 1845 3168; x_wconf 88' lang='lat' dir='ltr'>ta·</span> 
     </span>
     <span class='ocr_line' id='line_1_27' title="bbox 621 3183 1844 3257; baseline -0.004 -16"><span class='ocrx_word' id='word_1_252' title='bbox 621 3188 677 3241; x_wconf 85' lang='lat' dir='ltr'>lem</span> <span class='ocrx_word' id='word_1_253' title='bbox 695 3183 866 3253; x_wconf 80' lang='lat' dir='ltr'>ecriptorem</span> <span class='ocrx_word' id='word_1_254' title='bbox 885 3200 939 3237; x_wconf 91' lang='lat' dir='ltr'>nou</span> <span class='ocrx_word' id='word_1_255' title='bbox 957 3186 1081 3239; x_wconf 86' lang='lat' dir='ltr'>lacerum</span> <span class='ocrx_word' id='word_1_256' title='bbox 1099 3189 1175 3241; x_wconf 85' lang='lat' dir='ltr'>ultra</span> <span class='ocrx_word' id='word_1_257' title='bbox 1192 3189 1241 3241; x_wconf 86' lang='lat' dir='ltr'>red</span> <span class='ocrx_word' id='word_1_258' title='bbox 1259 3188 1417 3257; x_wconf 77' lang='lat' dir='ltr'>integrum,</span> <span class='ocrx_word' id='word_1_259' title='bbox 1441 3204 1493 3239; x_wconf 90' lang='lat' dir='ltr'>uec</span> <span class='ocrx_word' id='word_1_260' title='bbox 1509 3186 1651 3254; x_wconf 76' lang='lat' dir='ltr'>integrum</span> <span class='ocrx_word' id='word_1_261' title='bbox 1668 3185 1776 3250; x_wconf 78' lang='lat' dir='ltr'>colum,</span> <span class='ocrx_word' id='word_1_262' title='bbox 1795 3185 1844 3236; x_wconf 86' lang='lat' dir='ltr'>red</span> 
     </span>
     <span class='ocr_line' id='line_1_28' title="bbox 622 3252 1846 3322; baseline -0.003 -14"><span class='ocrx_word' id='word_1_263' title='bbox 622 3272 705 3322; x_wconf 81' lang='lat' dir='ltr'>quoru</span> <span class='ocrx_word' id='word_1_264' title='bbox 723 3252 985 3306; x_wconf 83' lang='lat' dir='ltr'>emendatireimum&#39;</span> <span class='ocrx_word' id='word_1_265' title='bbox 1007 3256 1035 3306; x_wconf 89' lang='lat' dir='ltr'>in</span> <span class='ocrx_word' id='word_1_266' title='bbox 1055 3256 1142 3308; x_wconf 85' lang='lat' dir='ltr'>veteri</span> <span class='ocrx_word' id='word_1_267' title='bbox 1161 3257 1335 3309; x_wconf 85' lang='lat' dir='ltr'>bibliotheca</span> <span class='ocrx_word' id='word_1_268' title='bbox 1354 3255 1480 3309; x_wconf 83' lang='lat' dir='ltr'>retineri·</span> <span class='ocrx_word' id='word_1_269' title='bbox 1515 3254 1568 3305; x_wconf 74' lang='lat' dir='ltr'>(lui</span> <span class='ocrx_word' id='word_1_270' title='bbox 1583 3254 1670 3306; x_wconf 87' lang='lat' dir='ltr'>etiam</span> <span class='ocrx_word' id='word_1_271' title='bbox 1687 3253 1729 3305; x_wconf 93' lang='lat' dir='ltr'>rei</span> <span class='ocrx_word' id='word_1_272' title='bbox 1747 3259 1775 3304; x_wconf 92' lang='lat' dir='ltr'>et</span> <span class='ocrx_word' id='word_1_273' title='bbox 1790 3252 1846 3304; x_wconf 82' lang='lat' dir='ltr'>Co·</span> 
     </span>
     <span class='ocr_line' id='line_1_29' title="bbox 622 3322 1338 3392; baseline -0.001 -16"><span class='ocrx_word' id='word_1_274' title='bbox 622 3322 793 3392; x_wconf 70' lang='lat' dir='ltr'>etigatieneo</span> <span class='ocrx_word' id='word_1_275' title='bbox 810 3330 922 3373; x_wconf 76' lang='lat' dir='ltr'>coatrae</span> <span class='ocrx_word' id='word_1_276' title='bbox 941 3322 1001 3372; x_wconf 83' lang='lat' dir='ltr'>eive</span> <span class='ocrx_word' id='word_1_277' title='bbox 1017 3322 1102 3375; x_wconf 85' lang='lat' dir='ltr'>Notae</span> <span class='ocrx_word' id='word_1_278' title='bbox 1118 3325 1338 3391; x_wconf 85' lang='lat' dir='ltr'>applicuimue.“</span> 
     </span>
    </p>

    <p class='ocr_par' dir='ltr' id='par_1_4' title="bbox 622 3383 1844 3525">
     <span class='ocr_line' id='line_1_30' title="bbox 690 3383 1844 3458; baseline -0.006 -17"><span class='ocrx_word' id='word_1_279' title='bbox 690 3388 1073 3455; x_wconf 71' lang='lat' dir='ltr'>¹⁴)cmt.1ibrttxxvn.</span> <span class='ocrx_word' id='word_1_280' title='bbox 1092 3393 1187 3458; x_wconf 86' lang='lat' dir='ltr'>cupita</span> <span class='ocrx_word' id='word_1_281' title='bbox 1207 3397 1246 3443; x_wconf 89' lang='grc'>16,</span> <span class='ocrx_word' id='word_1_282' title='bbox 1265 3398 1293 3443; x_wconf 92' lang='lat' dir='ltr'>et</span> <span class='ocrx_word' id='word_1_283' title='bbox 1312 3396 1367 3451; x_wconf 73' lang='lat' dir='ltr'>ta,</span> <span class='ocrx_word' id='word_1_284' title='bbox 1384 3386 1452 3439; x_wconf 90' lang='lat' dir='ltr'>libri</span> <span class='ocrx_word' id='word_1_285' title='bbox 1471 3384 1596 3437; x_wconf 66' lang='lat' dir='ltr'>xxxta.</span> <span class='ocrx_word' id='word_1_286' title='bbox 1615 3387 1699 3451; x_wconf 85' lang='lat' dir='ltr'>caput</span> <span class='ocrx_word' id='word_1_287' title='bbox 1717 3388 1762 3434; x_wconf 78' lang='lat' dir='ltr'>lu:</span> <span class='ocrx_word' id='word_1_288' title='bbox 1792 3383 1844 3435; x_wconf 88' lang='lat' dir='ltr'>Sa-</span> 
     </span>
     <span class='ocr_line' id='line_1_31' title="bbox 622 3451 1844 3525; baseline -0.008 -14"><span class='ocrx_word' id='word_1_289' title='bbox 622 3458 810 3511; x_wconf 80' lang='lat' dir='ltr'>turnaliorum</span> <span class='ocrx_word' id='word_1_290' title='bbox 827 3468 899 3508; x_wconf 84' lang='lat' dir='ltr'>uuue</span> <span class='ocrx_word' id='word_1_291' title='bbox 918 3457 1006 3518; x_wconf 78' lang='lat' dir='ltr'>locun,</span> <span class='ocrx_word' id='word_1_292' title='bbox 1023 3458 1074 3524; x_wconf 87' lang='lat'>111,</span> <span class='ocrx_word' id='word_1_293' title='bbox 1092 3464 1136 3510; x_wconf 69' lang='lat'>20.</span> <span class='ocrx_word' id='word_1_294' title='bbox 1155 3460 1204 3525; x_wconf 81' lang='lat' dir='ltr'>(ll,</span> <span class='ocrx_word' id='word_1_295' title='bbox 1225 3462 1288 3525; x_wconf 87' lang='lat' dir='ltr'>l6.),</span> <span class='ocrx_word' id='word_1_296' title='bbox 1305 3462 1340 3520; x_wconf 75' lang='grc'>5.,</span> <span class='ocrx_word' id='word_1_297' title='bbox 1358 3454 1522 3508; x_wconf 86' lang='lat' dir='ltr'>emendatur</span> <span class='ocrx_word' id='word_1_298' title='bbox 1539 3452 1589 3503; x_wconf 89' lang='lat' dir='ltr'>lib.</span> <span class='ocrx_word' id='word_1_299' title='bbox 1606 3451 1710 3502; x_wconf 78' lang='lat' dir='ltr'>xxm.</span> <span class='ocrx_word' id='word_1_300' title='bbox 1726 3467 1788 3517; x_wconf 90' lang='lat' dir='ltr'>cap.</span> <span class='ocrx_word' id='word_1_301' title='bbox 1805 3455 1844 3502; x_wconf 82' lang='lat' dir='ltr'>ta.</span> 
     </span>
    </p>

    <p class='ocr_par' dir='ltr' id='par_1_5' title="bbox 620 3519 1843 4607">
     <span class='ocr_line' id='line_1_32' title="bbox 692 3519 1843 3594; baseline -0.005 -17"><span class='ocrx_word' id='word_1_302' title='bbox 692 3526 737 3590; x_wconf 77' lang='lat'>¹⁵)</span> <span class='ocrx_word' id='word_1_303' title='bbox 755 3524 805 3590; x_wconf 78' lang='lat' dir='ltr'>„si</span> <span class='ocrx_word' id='word_1_304' title='bbox 823 3525 892 3587; x_wconf 89' lang='lat' dir='ltr'>boc,</span> <span class='ocrx_word' id='word_1_305' title='bbox 916 3524 1020 3591; x_wconf 86' lang='lat' dir='ltr'>inquit,</span> <span class='ocrx_word' id='word_1_306' title='bbox 1045 3526 1179 3594; x_wconf 85' lang='lat' dir='ltr'>quidquid</span> <span class='ocrx_word' id='word_1_307' title='bbox 1198 3534 1243 3578; x_wconf 87' lang='lat' dir='ltr'>ert</span> <span class='ocrx_word' id='word_1_308' title='bbox 1258 3542 1277 3577; x_wconf 85' lang='lat' dir='ltr'>a</span> <span class='ocrx_word' id='word_1_309' title='bbox 1294 3543 1339 3576; x_wconf 90' lang='lat' dir='ltr'>rue</span> <span class='ocrx_word' id='word_1_310' title='bbox 1354 3525 1566 3576; x_wconf 76' lang='lat' dir='ltr'>observatorum</span> <span class='ocrx_word' id='word_1_311' title='bbox 1587 3519 1617 3572; x_wconf 93' lang='lat' dir='ltr'>iu</span> <span class='ocrx_word' id='word_1_312' title='bbox 1634 3519 1843 3571; x_wconf 82' lang='lat' dir='ltr'>Macrobiauam</span> 
     </span>
     <span class='ocr_line' id='line_1_33' title="bbox 622 3587 1843 3662; baseline -0.007 -16"><span class='ocrx_word' id='word_1_313' title='bbox 622 3592 732 3646; x_wconf 84' lang='lat' dir='ltr'>Somuii</span> <span class='ocrx_word' id='word_1_314' title='bbox 748 3592 1011 3645; x_wconf 83' lang='lat' dir='ltr'>commentationem</span> <span class='ocrx_word' id='word_1_315' title='bbox 1028 3610 1175 3662; x_wconf 84' lang='lat' dir='ltr'>erumpere</span> <span class='ocrx_word' id='word_1_316' title='bbox 1193 3595 1318 3662; x_wconf 78' lang='lat' dir='ltr'>privetur</span> <span class='ocrx_word' id='word_1_317' title='bbox 1335 3590 1458 3661; x_wconf 80' lang='lat' dir='ltr'>parietur</span> <span class='ocrx_word' id='word_1_318' title='bbox 1474 3588 1596 3640; x_wconf 88' lang='lat' dir='ltr'>libenter</span> <span class='ocrx_word' id='word_1_319' title='bbox 1617 3587 1710 3650; x_wconf 82' lang='lat' dir='ltr'>video,</span> <span class='ocrx_word' id='word_1_320' title='bbox 1735 3588 1843 3639; x_wconf 74' lang='lat' dir='ltr'>Paule·</span> 
     </span>
     <span class='ocr_line' id='line_1_34' title="bbox 621 3655 1842 3729; baseline -0.004 -17"><span class='ocrx_word' id='word_1_321' title='bbox 621 3661 735 3728; x_wconf 82' lang='lat' dir='ltr'>lucino,</span> <span class='ocrx_word' id='word_1_322' title='bbox 756 3676 847 3727; x_wconf 80' lang='lat' dir='ltr'>nuper</span> <span class='ocrx_word' id='word_1_323' title='bbox 860 3660 976 3713; x_wconf 82' lang='lat' dir='ltr'>ecbolae</span> <span class='ocrx_word' id='word_1_324' title='bbox 992 3660 1189 3729; x_wconf 78' lang='lat' dir='ltr'>bugduucneie</span> <span class='ocrx_word' id='word_1_325' title='bbox 1207 3667 1357 3726; x_wconf 90' lang='lat' dir='ltr'>rector,</span> <span class='ocrx_word' id='word_1_326' title='bbox 1376 3660 1462 3710; x_wconf 86' lang='lat' dir='ltr'>babet</span> <span class='ocrx_word' id='word_1_327' title='bbox 1480 3657 1553 3723; x_wconf 82' lang='lat' dir='ltr'>qood</span> <span class='ocrx_word' id='word_1_328' title='bbox 1569 3655 1690 3722; x_wconf 84' lang='lat' dir='ltr'>imputet</span> <span class='ocrx_word' id='word_1_329' title='bbox 1707 3655 1774 3718; x_wconf 87' lang='lat' dir='ltr'>tibi,</span> <span class='ocrx_word' id='word_1_330' title='bbox 1793 3656 1842 3708; x_wconf 89' lang='lat' dir='ltr'>bc-</span> 
     </span>
     <span class='ocr_line' id='line_1_35' title="bbox 621 3724 1843 3798; baseline -0.006 -17"><span class='ocrx_word' id='word_1_331' title='bbox 621 3730 723 3781; x_wconf 82' lang='lat' dir='ltr'>uevole</span> <span class='ocrx_word' id='word_1_332' title='bbox 744 3729 845 3781; x_wconf 87' lang='lat' dir='ltr'>lector.</span> <span class='ocrx_word' id='word_1_333' title='bbox 880 3727 949 3780; x_wconf 87' lang='lat' dir='ltr'>Port</span> <span class='ocrx_word' id='word_1_334' title='bbox 972 3728 1131 3796; x_wconf 73' lang='lat' dir='ltr'>delegatam</span> <span class='ocrx_word' id='word_1_335' title='bbox 1153 3732 1230 3798; x_wconf 86' lang='lat' dir='ltr'>patri</span> <span class='ocrx_word' id='word_1_336' title='bbox 1253 3746 1315 3782; x_wconf 90' lang='lat' dir='ltr'>meo</span> <span class='ocrx_word' id='word_1_337' title='bbox 1335 3725 1540 3780; x_wconf 83' lang='lat' dir='ltr'>ordinationem</span> <span class='ocrx_word' id='word_1_338' title='bbox 1559 3725 1735 3791; x_wconf 87' lang='lat' dir='ltr'>publicorum</span> <span class='ocrx_word' id='word_1_339' title='bbox 1753 3724 1843 3775; x_wconf 89' lang='lat' dir='ltr'>libro-</span> 
     </span>
     <span class='ocr_line' id='line_1_36' title="bbox 621 3794 1842 3918; baseline -0.004 -3"><span class='ocrx_word' id='word_1_340' title='bbox 621 3796 789 3917; x_wconf 68' lang='lat' dir='ltr'>{ttttt&#39;t</span> <span class='ocrx_word' id='word_1_341' title='bbox 809 3795 1374 3918; x_wconf 62' lang='lat' dir='ltr'>{ttttttt‘‘⁰3:t;m¹¹¹¹tttit:lt</span> <span class='ocrx_word' id='word_1_342' title='bbox 1391 3794 1842 3916; x_wconf 57' lang='lat' dir='ltr'>ttittt³⁶ttttt⁰55⁰t‚⁸¹¹‘</span> 
     </span>
     <span class='ocr_line' id='line_1_37' title="bbox 621 3876 1842 3998; baseline -0.005 -14"><span class='ocrx_word' id='word_1_343' title='bbox 621 3932 740 3984; x_wconf 82' lang='lat' dir='ltr'>duorum</span> <span class='ocrx_word' id='word_1_344' title='bbox 756 3930 843 3983; x_wconf 74' lang='lat' dir='ltr'>liniue</span> <span class='ocrx_word' id='word_1_345' title='bbox 865 3883 1062 3983; x_wconf 57' lang='grc' dir='ltr'>οιιιιιιιιοιιιιιιίιίι</span> <span class='ocrx_word' id='word_1_346' title='bbox 1073 3884 1217 3985; x_wconf 61' lang='lat' dir='ltr'>MStorrlm</span> <span class='ocrx_word' id='word_1_347' title='bbox 1234 3933 1293 3986; x_wconf 86' lang='lat' dir='ltr'>ritu</span> <span class='ocrx_word' id='word_1_348' title='bbox 1309 3939 1338 3984; x_wconf 94' lang='lat' dir='ltr'>et</span> <span class='ocrx_word' id='word_1_349' title='bbox 1356 3932 1487 3998; x_wconf 87' lang='lat' dir='ltr'>equulore</span> <span class='ocrx_word' id='word_1_350' title='bbox 1497 3900 1692 3991; x_wconf 58' lang='lat' dir='ltr'>‘humentium</span> <span class='ocrx_word' id='word_1_351' title='bbox 1712 3877 1782 3979; x_wconf 60' lang='lat' dir='ltr'>calin</span> <span class='ocrx_word' id='word_1_352' title='bbox 1793 3876 1842 3979; x_wconf 51' lang='lat'>{33</span> 
     </span>
     <span class='ocr_line' id='line_1_38' title="bbox 621 3995 1843 4066; baseline -0.007 -13"><span class='ocrx_word' id='word_1_353' title='bbox 621 4017 685 4053; x_wconf 83' lang='lat' dir='ltr'>mea</span> <span class='ocrx_word' id='word_1_354' title='bbox 702 3999 850 4066; x_wconf 85' lang='lat' dir='ltr'>antiquam</span> <span class='ocrx_word' id='word_1_355' title='bbox 867 4014 979 4051; x_wconf 79' lang='lat' dir='ltr'>manum</span> <span class='ocrx_word' id='word_1_356' title='bbox 996 4001 1212 4065; x_wconf 73' lang='lat' dir='ltr'>ostendentium,</span> <span class='ocrx_word' id='word_1_357' title='bbox 1230 4001 1392 4053; x_wconf 81' lang='lat' dir='ltr'>conterendi</span> <span class='ocrx_word' id='word_1_358' title='bbox 1412 3998 1513 4063; x_wconf 88' lang='lat' dir='ltr'>cupido</span> <span class='ocrx_word' id='word_1_359' title='bbox 1530 3996 1654 4049; x_wconf 77' lang='lat' dir='ltr'>animum</span> <span class='ocrx_word' id='word_1_360' title='bbox 1668 3995 1843 4057; x_wconf 78' lang='lat' dir='ltr'>ioceeaebut3</span> 
     </span>
     <span class='ocr_line' id='line_1_39' title="bbox 622 4062 1840 4137; baseline -0.006 -18"><span class='ocrx_word' id='word_1_361' title='bbox 622 4073 650 4119; x_wconf 89' lang='lat' dir='ltr'>ct</span> <span class='ocrx_word' id='word_1_362' title='bbox 665 4072 753 4134; x_wconf 82' lang='lat' dir='ltr'>prout</span> <span class='ocrx_word' id='word_1_363' title='bbox 770 4082 898 4134; x_wconf 77' lang='lat' dir='ltr'>quaeque</span> <span class='ocrx_word' id='word_1_364' title='bbox 916 4066 1039 4119; x_wconf 81' lang='lat' dir='ltr'>varietur</span> <span class='ocrx_word' id='word_1_365' title='bbox 1056 4085 1087 4119; x_wconf 83' lang='lat' dir='ltr'>ee</span> <span class='ocrx_word' id='word_1_366' title='bbox 1109 4069 1180 4121; x_wconf 81' lang='lat' dir='ltr'>milri</span> <span class='ocrx_word' id='word_1_367' title='bbox 1201 4070 1335 4137; x_wconf 84' lang='lat' dir='ltr'>probarat</span> <span class='ocrx_word' id='word_1_368' title='bbox 1353 4067 1532 4118; x_wconf 84' lang='lat' dir='ltr'>annotabam.</span> <span class='ocrx_word' id='word_1_369' title='bbox 1567 4064 1645 4114; x_wconf 85' lang='lat' dir='ltr'>llaec</span> <span class='ocrx_word' id='word_1_370' title='bbox 1662 4078 1725 4113; x_wconf 87' lang='lat' dir='ltr'>curu</span> <span class='ocrx_word' id='word_1_371' title='bbox 1743 4062 1796 4113; x_wconf 91' lang='lat' dir='ltr'>ille</span> <span class='ocrx_word' id='word_1_372' title='bbox 1815 4097 1840 4113; x_wconf 90' lang='grc'>..</span> 
     </span>
     <span class='ocr_line' id='line_1_40' title="bbox 620 4129 1840 4202; baseline -0.007 -15"><span class='ocrx_word' id='word_1_373' title='bbox 620 4136 696 4188; x_wconf 79' lang='lat' dir='ltr'>torte</span> <span class='ocrx_word' id='word_1_374' title='bbox 713 4133 921 4202; x_wconf 81' lang='lat' dir='ltr'>couepexiaaot,</span> <span class='ocrx_word' id='word_1_375' title='bbox 948 4134 996 4186; x_wconf 78' lang='lat' dir='ltr'>riu</span> <span class='ocrx_word' id='word_1_376' title='bbox 1017 4135 1209 4200; x_wconf 72' lang='lat' dir='ltr'>concideram,</span> <span class='ocrx_word' id='word_1_377' title='bbox 1231 4141 1343 4188; x_wconf 82' lang='lat' dir='ltr'>ecaetne</span> <span class='ocrx_word' id='word_1_378' title='bbox 1361 4133 1469 4199; x_wconf 86' lang='lat' dir='ltr'>aliquid</span> <span class='ocrx_word' id='word_1_379' title='bbox 1492 4129 1606 4197; x_wconf 90' lang='lat' dir='ltr'>publico</span> <span class='ocrx_word' id='word_1_380' title='bbox 1626 4129 1758 4197; x_wconf 77' lang='lat' dir='ltr'>dignum,</span> <span class='ocrx_word' id='word_1_381' title='bbox 1786 4145 1840 4180; x_wconf 84' lang='lat' dir='ltr'>nou</span> 
     </span>
     <span class='ocr_line' id='line_1_41' title="bbox 620 4196 1842 4268; baseline -0.009 -12"><span class='ocrx_word' id='word_1_382' title='bbox 620 4202 709 4256; x_wconf 70' lang='lat' dir='ltr'>desiit</span> <span class='ocrx_word' id='word_1_383' title='bbox 723 4203 880 4254; x_wconf 86' lang='lat' dir='ltr'>obtundere</span> <span class='ocrx_word' id='word_1_384' title='bbox 898 4202 1006 4254; x_wconf 85' lang='lat' dir='ltr'>amicae</span> <span class='ocrx_word' id='word_1_385' title='bbox 1024 4203 1129 4255; x_wconf 84' lang='lat' dir='ltr'>affectu</span> <span class='ocrx_word' id='word_1_386' title='bbox 1147 4204 1265 4268; x_wconf 80' lang='lat' dir='ltr'>nimine,</span> <span class='ocrx_word' id='word_1_387' title='bbox 1283 4209 1314 4254; x_wconf 90' lang='lat' dir='ltr'>ut</span> <span class='ocrx_word' id='word_1_388' title='bbox 1330 4202 1365 4253; x_wconf 87' lang='lat' dir='ltr'>ad</span> <span class='ocrx_word' id='word_1_389' title='bbox 1387 4199 1554 4260; x_wconf 85' lang='lat' dir='ltr'>editionem,</span> <span class='ocrx_word' id='word_1_390' title='bbox 1571 4211 1643 4262; x_wconf 88' lang='lat' dir='ltr'>quac</span> <span class='ocrx_word' id='word_1_391' title='bbox 1660 4196 1842 4261; x_wconf 84' lang='lat' dir='ltr'>comparaba-</span> 
     </span>
     <span class='ocr_line' id='line_1_42' title="bbox 621 4262 1841 4337; baseline -0.008 -15"><span class='ocrx_word' id='word_1_392' title='bbox 621 4276 684 4334; x_wconf 87' lang='lat' dir='ltr'>tur,</span> <span class='ocrx_word' id='word_1_393' title='bbox 708 4270 787 4322; x_wconf 79' lang='lat' dir='ltr'>uelut</span> <span class='ocrx_word' id='word_1_394' title='bbox 803 4278 837 4322; x_wconf 69' lang='lat' dir='ltr'>ex·</span> <span class='ocrx_word' id='word_1_395' title='bbox 854 4269 983 4336; x_wconf 80' lang='lat' dir='ltr'>eymbolo</span> <span class='ocrx_word' id='word_1_396' title='bbox 1002 4271 1168 4324; x_wconf 79' lang='lat' dir='ltr'>conferrem.</span> <span class='ocrx_word' id='word_1_397' title='bbox 1202 4270 1260 4323; x_wconf 83' lang='lat' dir='ltr'>Nec</span> <span class='ocrx_word' id='word_1_398' title='bbox 1279 4286 1384 4337; x_wconf 77' lang='lat' dir='ltr'>negare</span> <span class='ocrx_word' id='word_1_399' title='bbox 1400 4267 1426 4318; x_wconf 91' lang='lat' dir='ltr'>ei</span> <span class='ocrx_word' id='word_1_400' title='bbox 1443 4270 1583 4333; x_wconf 89' lang='lat' dir='ltr'>poteram,</span> <span class='ocrx_word' id='word_1_401' title='bbox 1612 4262 1658 4313; x_wconf 88' lang='lat' dir='ltr'>cui</span> <span class='ocrx_word' id='word_1_402' title='bbox 1673 4277 1761 4329; x_wconf 88' lang='lat' dir='ltr'>paene</span> <span class='ocrx_word' id='word_1_403' title='bbox 1780 4277 1841 4312; x_wconf 90' lang='lat' dir='ltr'>om-</span> 
     </span>
     <span class='ocr_line' id='line_1_43' title="bbox 620 4331 1841 4404; baseline -0.008 -14"><span class='ocrx_word' id='word_1_404' title='bbox 620 4337 670 4390; x_wconf 86' lang='lat' dir='ltr'>uia</span> <span class='ocrx_word' id='word_1_405' title='bbox 689 4336 753 4389; x_wconf 86' lang='lat' dir='ltr'>iura</span> <span class='ocrx_word' id='word_1_406' title='bbox 769 4336 796 4388; x_wconf 89' lang='lat' dir='ltr'>iu</span> <span class='ocrx_word' id='word_1_407' title='bbox 815 4353 861 4388; x_wconf 89' lang='lat' dir='ltr'>me</span> <span class='ocrx_word' id='word_1_408' title='bbox 879 4337 940 4404; x_wconf 83' lang='lat' dir='ltr'>ipre</span> <span class='ocrx_word' id='word_1_409' title='bbox 958 4354 1162 4392; x_wconf 79' lang='lat' dir='ltr'>concurrerem.</span> <span class='ocrx_word' id='word_1_410' title='bbox 1195 4338 1250 4391; x_wconf 82' lang='lat' dir='ltr'>Sed</span> <span class='ocrx_word' id='word_1_411' title='bbox 1270 4345 1299 4391; x_wconf 90' lang='lat' dir='ltr'>et</span> <span class='ocrx_word' id='word_1_412' title='bbox 1317 4338 1382 4388; x_wconf 89' lang='lat' dir='ltr'>duro</span> <span class='ocrx_word' id='word_1_413' title='bbox 1399 4332 1543 4387; x_wconf 87' lang='lat' dir='ltr'>Somnium</span> <span class='ocrx_word' id='word_1_414' title='bbox 1562 4331 1660 4399; x_wconf 84' lang='lat' dir='ltr'>praela</span> <span class='ocrx_word' id='word_1_415' title='bbox 1681 4334 1841 4397; x_wconf 87' lang='lat' dir='ltr'>properant,</span> 
     </span>
     <span class='ocr_line' id='line_1_44' title="bbox 620 4396 1841 4474; baseline -0.007 -17"><span class='ocrx_word' id='word_1_416' title='bbox 620 4405 699 4457; x_wconf 88' lang='lat' dir='ltr'>idem</span> <span class='ocrx_word' id='word_1_417' title='bbox 714 4421 759 4456; x_wconf 88' lang='lat' dir='ltr'>me</span> <span class='ocrx_word' id='word_1_418' title='bbox 770 4404 970 4458; x_wconf 69' lang='lat' dir='ltr'>Saturnalibus</span> <span class='ocrx_word' id='word_1_419' title='bbox 989 4406 1136 4474; x_wconf 80' lang='lat' dir='ltr'>applicuit,</span> <span class='ocrx_word' id='word_1_420' title='bbox 1154 4407 1183 4458; x_wconf 92' lang='lat' dir='ltr'>iu</span> <span class='ocrx_word' id='word_1_421' title='bbox 1200 4422 1272 4473; x_wconf 76' lang='lat' dir='ltr'>quae</span> <span class='ocrx_word' id='word_1_422' title='bbox 1288 4403 1416 4457; x_wconf 89' lang='lat' dir='ltr'>uonnibil</span> <span class='ocrx_word' id='word_1_423' title='bbox 1434 4419 1468 4454; x_wconf 86' lang='lat' dir='ltr'>cx</span> <span class='ocrx_word' id='word_1_424' title='bbox 1485 4400 1634 4452; x_wconf 79' lang='lat' dir='ltr'>chartaceo</span> <span class='ocrx_word' id='word_1_425' title='bbox 1652 4399 1778 4451; x_wconf 71' lang='lat' dir='ltr'>eiusdem</span> <span class='ocrx_word' id='word_1_426' title='bbox 1796 4396 1841 4449; x_wconf 89' lang='lat' dir='ltr'>bi-</span> 
     </span>
     <span class='ocr_line' id='line_1_45' title="bbox 620 4464 1839 4548; baseline -0.007 -23"><span class='ocrx_word' id='word_1_427' title='bbox 620 4471 785 4525; x_wconf 78' lang='lat' dir='ltr'>bliotbecae</span> <span class='ocrx_word' id='word_1_428' title='bbox 809 4472 868 4525; x_wconf 79' lang='lat' dir='ltr'>MS.</span> <span class='ocrx_word' id='word_1_429' title='bbox 890 4472 1014 4541; x_wconf 73' lang='lat' dir='ltr'>margini</span> <span class='ocrx_word' id='word_1_430' title='bbox 1033 4475 1197 4527; x_wconf 86' lang='lat' dir='ltr'>alleveram.</span> <span class='ocrx_word' id='word_1_431' title='bbox 1231 4474 1291 4527; x_wconf 90' lang='lat' dir='ltr'>lam</span> <span class='ocrx_word' id='word_1_432' title='bbox 1310 4472 1498 4541; x_wconf 84' lang='lat' dir='ltr'>procedebant</span> <span class='ocrx_word' id='word_1_433' title='bbox 1515 4467 1609 4520; x_wconf 88' lang='lat' dir='ltr'>oruoia</span> <span class='ocrx_word' id='word_1_434' title='bbox 1630 4483 1664 4518; x_wconf 86' lang='lat' dir='ltr'>ex</span> <span class='ocrx_word' id='word_1_435' title='bbox 1679 4471 1759 4548; x_wconf 77' lang='lat' dir='ltr'>voto:</span> <span class='ocrx_word' id='word_1_436' title='bbox 1784 4464 1839 4517; x_wconf 87' lang='lat' dir='ltr'>iam</span> 
     </span>
     <span class='ocr_line' id='line_1_46' title="bbox 621 4535 1841 4607; baseline -0.005 -14"><span class='ocrx_word' id='word_1_437' title='bbox 621 4539 852 4593; x_wconf 77' lang='lat' dir='ltr'>committebatur</span> <span class='ocrx_word' id='word_1_438' title='bbox 870 4540 964 4607; x_wconf 81' lang='lat' dir='ltr'>operia</span> <span class='ocrx_word' id='word_1_439' title='bbox 986 4541 1062 4594; x_wconf 76' lang='lat' dir='ltr'>l&#39;ber</span> <span class='ocrx_word' id='word_1_440' title='bbox 1080 4543 1236 4606; x_wconf 74' lang='lat' dir='ltr'>recondet,</span> <span class='ocrx_word' id='word_1_441' title='bbox 1267 4558 1331 4593; x_wconf 85' lang='lat' dir='ltr'>euru</span> <span class='ocrx_word' id='word_1_442' title='bbox 1351 4556 1409 4592; x_wconf 90' lang='lat' dir='ltr'>rem</span> <span class='ocrx_word' id='word_1_443' title='bbox 1428 4553 1538 4589; x_wconf 85' lang='lat' dir='ltr'>omnem</span> <span class='ocrx_word' id='word_1_444' title='bbox 1557 4535 1732 4603; x_wconf 76' lang='lat' dir='ltr'>perturbavit</span> <span class='ocrx_word' id='word_1_445' title='bbox 1748 4539 1778 4586; x_wconf 89' lang='lat' dir='ltr'>et</span> <span class='ocrx_word' id='word_1_446' title='bbox 1794 4536 1841 4587; x_wconf 84' lang='lat' dir='ltr'>rel</span> 
     </span>
    </p>
   </div>
   <div class='ocr_carea' id='block_1_4' title="bbox 619 4602 1856 5130">
    <p class='ocr_par' dir='ltr' id='par_1_6' title="bbox 619 4602 1856 5130">
     <span class='ocr_line' id='line_1_47' title="bbox 620 4602 1856 4690; baseline -0.003 -31"><span class='ocrx_word' id='word_1_447' title='bbox 620 4607 762 4677; x_wconf 74' lang='lat' dir='ltr'>retroagit</span> <span class='ocrx_word' id='word_1_448' title='bbox 781 4606 908 4676; x_wconf 71' lang='grc' dir='ltr'>βιλτίστα</span> <span class='ocrx_word' id='word_1_449' title='bbox 934 4624 974 4674; x_wconf 80' lang='grc' dir='ltr'>μα</span> <span class='ocrx_word' id='word_1_450' title='bbox 1010 4626 1066 4676; x_wconf 73' lang='grc' dir='ltr'>ρων</span> <span class='ocrx_word' id='word_1_451' title='bbox 1086 4604 1182 4677; x_wconf 76' lang='lat' dir='ltr'>‘chete</span> <span class='ocrx_word' id='word_1_452' title='bbox 1205 4625 1222 4689; x_wconf 73' lang='lat' dir='ltr'>a</span> <span class='ocrx_word' id='word_1_453' title='bbox 1245 4608 1332 4690; x_wconf 67' lang='lat' dir='ltr'>f⁰¹&#39;.⁸¹l</span> <span class='ocrx_word' id='word_1_454' title='bbox 1354 4603 1548 4685; x_wconf 71' lang='lat' dir='ltr'>praecedentia</span> <span class='ocrx_word' id='word_1_455' title='bbox 1565 4603 1630 4654; x_wconf 84' lang='lat' dir='ltr'>unni</span> <span class='ocrx_word' id='word_1_456' title='bbox 1653 4604 1751 4654; x_wconf 87' lang='lat' dir='ltr'>morbo</span> <span class='ocrx_word' id='word_1_457' title='bbox 1769 4602 1856 4684; x_wconf 76' lang='lat' dir='ltr'>mibi·</span> 
     </span>
     <span class='ocr_line' id='line_1_48' title="bbox 620 4670 1842 4810; baseline -0.006 -15"><span class='ocrx_word' id='word_1_458' title='bbox 620 4670 1842 4810; x_wconf 58' lang='lat' dir='ltr'>tattttttttn·clitt.⁸¹·it·;.::‘:.it¹;tt·g2¹„‘tlt,⁰ttlff‘ttt&#39;lt:</span> 
     </span>
     <span class='ocr_line' id='line_1_49' title="bbox 620 4805 1842 4888; baseline -0.005 -25"><span class='ocrx_word' id='word_1_459' title='bbox 620 4827 651 4865; x_wconf 90' lang='lat' dir='ltr'>uc</span> <span class='ocrx_word' id='word_1_460' title='bbox 668 4810 779 4864; x_wconf 78' lang='lat' dir='ltr'>diutine</span> <span class='ocrx_word' id='word_1_461' title='bbox 796 4810 947 4864; x_wconf 74' lang='lat' dir='ltr'>inhaerere</span> <span class='ocrx_word' id='word_1_462' title='bbox 964 4810 1103 4877; x_wconf 70' lang='lat' dir='ltr'>licuimt,</span> <span class='ocrx_word' id='word_1_463' title='bbox 1122 4810 1206 4877; x_wconf 77' lang='lat' dir='ltr'>idque</span> <span class='ocrx_word' id='word_1_464' title='bbox 1223 4811 1390 4879; x_wconf 86' lang='lat' dir='ltr'>corpueculo</span> <span class='ocrx_word' id='word_1_465' title='bbox 1407 4811 1478 4861; x_wconf 87' lang='lat' dir='ltr'>bene</span> <span class='ocrx_word' id='word_1_466' title='bbox 1495 4805 1661 4888; x_wconf 71' lang='lat' dir='ltr'>composito,</span> <span class='ocrx_word' id='word_1_467' title='bbox 1679 4806 1842 4887; x_wconf 75' lang='lat' dir='ltr'>accessioue</span> 
     </span>
     <span class='ocr_line' id='line_1_50' title="bbox 620 4873 1841 4947; baseline -0.007 -15"><span class='ocrx_word' id='word_1_468' title='bbox 620 4896 673 4932; x_wconf 85' lang='lat' dir='ltr'>uon</span> <span class='ocrx_word' id='word_1_469' title='bbox 702 4895 792 4947; x_wconf 83' lang='lat' dir='ltr'>parra</span> <span class='ocrx_word' id='word_1_470' title='bbox 815 4878 986 4945; x_wconf 82' lang='lat' dir='ltr'>locupletior</span> <span class='ocrx_word' id='word_1_471' title='bbox 1009 4886 1038 4932; x_wconf 89' lang='lat' dir='ltr'>et</span> <span class='ocrx_word' id='word_1_472' title='bbox 1063 4879 1190 4947; x_wconf 85' lang='lat' dir='ltr'>pleniore</span> <span class='ocrx_word' id='word_1_473' title='bbox 1211 4894 1246 4946; x_wconf 86' lang='lat' dir='ltr'>ap</span> <span class='ocrx_word' id='word_1_474' title='bbox 1267 4884 1349 4932; x_wconf 87' lang='lat' dir='ltr'>aratu</span> <span class='ocrx_word' id='word_1_475' title='bbox 1375 4875 1536 4929; x_wconf 82' lang='lat' dir='ltr'>Macrobioe</span> <span class='ocrx_word' id='word_1_476' title='bbox 1561 4875 1721 4939; x_wconf 78' lang='lat' dir='ltr'>proditurur</span> <span class='ocrx_word' id='word_1_477' title='bbox 1745 4873 1841 4925; x_wconf 73' lang='lat' dir='ltr'>tuerit.</span> 
     </span>
     <span class='ocr_line' id='line_1_51' title="bbox 620 4941 1841 5015; baseline -0.006 -16"><span class='ocrx_word' id='word_1_478' title='bbox 620 4947 710 5015; x_wconf 77' lang='lat' dir='ltr'>Atque</span> <span class='ocrx_word' id='word_1_479' title='bbox 728 4945 837 4999; x_wconf 83' lang='lat' dir='ltr'>utinam</span> <span class='ocrx_word' id='word_1_480' title='bbox 854 4946 959 5012; x_wconf 77' lang='lat' dir='ltr'>aliquio</span> <span class='ocrx_word' id='word_1_481' title='bbox 977 4948 1012 5000; x_wconf 91' lang='lat' dir='ltr'>ad</span> <span class='ocrx_word' id='word_1_482' title='bbox 1038 4964 1072 5000; x_wconf 83' lang='lat' dir='ltr'>oa</span> <span class='ocrx_word' id='word_1_483' title='bbox 1093 4963 1165 5013; x_wconf 77' lang='lat' dir='ltr'>quae</span> <span class='ocrx_word' id='word_1_484' title='bbox 1185 4945 1255 4998; x_wconf 79' lang='lat' dir='ltr'>mibi</span> <span class='ocrx_word' id='word_1_485' title='bbox 1275 4946 1418 5000; x_wconf 87' lang='lat' dir='ltr'>latuerunt</span> <span class='ocrx_word' id='word_1_486' title='bbox 1435 4943 1602 5010; x_wconf 77' lang='lat' dir='ltr'>reetigauda</span> <span class='ocrx_word' id='word_1_487' title='bbox 1617 4942 1779 4994; x_wconf 86' lang='lat' dir='ltr'>tantundem</span> <span class='ocrx_word' id='word_1_488' title='bbox 1797 4941 1841 4993; x_wconf 88' lang='lat' dir='ltr'>la-</span> 
     </span>
     <span class='ocr_line' id='line_1_52' title="bbox 619 5007 1842 5130; baseline -0.007 -63"><span class='ocrx_word' id='word_1_489' title='bbox 619 5015 698 5068; x_wconf 85' lang='lat' dir='ltr'>borie</span> <span class='ocrx_word' id='word_1_490' title='bbox 718 5013 825 5068; x_wconf 78' lang='lat' dir='ltr'>afferre</span> <span class='ocrx_word' id='word_1_491' title='bbox 849 5030 903 5065; x_wconf 91' lang='lat' dir='ltr'>uou</span> <span class='ocrx_word' id='word_1_492' title='bbox 927 5014 1140 5082; x_wconf 76' lang='lat' dir='ltr'>dedignaretur!</span> <span class='ocrx_word' id='word_1_493' title='bbox 1176 5014 1220 5065; x_wconf 93' lang='lat' dir='ltr'>lta</span> <span class='ocrx_word' id='word_1_494' title='bbox 1241 5021 1318 5067; x_wconf 86' lang='lat' dir='ltr'>certe</span> <span class='ocrx_word' id='word_1_495' title='bbox 1338 5016 1401 5066; x_wconf 88' lang='lat' dir='ltr'>iore</span> <span class='ocrx_word' id='word_1_496' title='bbox 1422 5026 1594 5130; x_wconf 56' lang='grc' dir='ltr'><strong>ιιιιὶιιιαιιιι,</strong></span> <span class='ocrx_word' id='word_1_497' title='bbox 1623 5016 1655 5061; x_wconf 88' lang='lat' dir='ltr'>ut</span> <span class='ocrx_word' id='word_1_498' title='bbox 1679 5007 1842 5060; x_wconf 82' lang='lat' dir='ltr'>Macrobioe</span> 
     </span>
    </p>
   </div>
   <div class='ocr_carea' id='block_1_5' title="bbox 619 5076 1841 5355">
    <p class='ocr_par' dir='ltr' id='par_1_7' title="bbox 619 5076 1841 5355">
     <span class='ocr_line' id='line_1_53' title="bbox 619 5076 1840 5148; baseline -0.008 -13"><span class='ocrx_word' id='word_1_499' title='bbox 619 5098 686 5135; x_wconf 80' lang='lat' dir='ltr'>vere</span> <span class='ocrx_word' id='word_1_500' title='bbox 704 5081 820 5134; x_wconf 84' lang='lat' dir='ltr'>uomiue</span> <span class='ocrx_word' id='word_1_501' title='bbox 839 5098 891 5134; x_wconf 78' lang='lat' dir='ltr'>ouo</span> <span class='ocrx_word' id='word_1_502' title='bbox 910 5082 1060 5135; x_wconf 82' lang='lat' dir='ltr'>frueretur.</span> <span class='ocrx_word' id='word_1_503' title='bbox 1095 5082 1152 5134; x_wconf 81' lang='lat' dir='ltr'>Noe</span> <span class='ocrx_word' id='word_1_504' title='bbox 1170 5081 1282 5148; x_wconf 86' lang='lat' dir='ltr'>quidem</span> <span class='ocrx_word' id='word_1_505' title='bbox 1301 5088 1446 5135; x_wconf 85' lang='lat' dir='ltr'>auctorem</span> <span class='ocrx_word' id='word_1_506' title='bbox 1487 5095 1555 5142; x_wconf 89' lang='lat' dir='ltr'>unc,</span> <span class='ocrx_word' id='word_1_507' title='bbox 1577 5077 1625 5143; x_wconf 89' lang='lat' dir='ltr'>qui</span> <span class='ocrx_word' id='word_1_508' title='bbox 1642 5076 1840 5145; x_wconf 77' lang='lat' dir='ltr'>gratulandum</span> 
     </span>
     <span class='ocr_line' id='line_1_54' title="bbox 620 5144 1841 5217; baseline -0.008 -15"><span class='ocrx_word' id='word_1_509' title='bbox 620 5150 702 5204; x_wconf 78' lang='lat' dir='ltr'>nobie</span> <span class='ocrx_word' id='word_1_510' title='bbox 719 5150 876 5213; x_wconf 80' lang='lat' dir='ltr'>habemur,</span> <span class='ocrx_word' id='word_1_511' title='bbox 907 5150 979 5215; x_wconf 75' lang='lat' dir='ltr'>quod</span> <span class='ocrx_word' id='word_1_512' title='bbox 998 5151 1134 5203; x_wconf 77' lang='grc' dir='ltr'><strong>Ιιοιιιιιιιι</strong></span> <span class='ocrx_word' id='word_1_513' title='bbox 1157 5150 1327 5217; x_wconf 76' lang='lat' dir='ltr'>acciptururu</span> <span class='ocrx_word' id='word_1_514' title='bbox 1346 5151 1460 5201; x_wconf 85' lang='lat' dir='ltr'>lareruo</span> <span class='ocrx_word' id='word_1_515' title='bbox 1477 5145 1587 5209; x_wconf 87' lang='lat' dir='ltr'>audiat,</span> <span class='ocrx_word' id='word_1_516' title='bbox 1613 5161 1665 5196; x_wconf 90' lang='lat' dir='ltr'>nec</span> <span class='ocrx_word' id='word_1_517' title='bbox 1683 5147 1747 5209; x_wconf 81' lang='lat' dir='ltr'>port</span> <span class='ocrx_word' id='word_1_518' title='bbox 1767 5144 1841 5193; x_wconf 87' lang='lat' dir='ltr'>banc</span> 
     </span>
     <span class='ocr_line' id='line_1_55' title="bbox 621 5210 1841 5286; baseline -0.011 -13"><span class='ocrx_word' id='word_1_519' title='bbox 621 5235 717 5272; x_wconf 84' lang='lat' dir='ltr'>curam</span> <span class='ocrx_word' id='word_1_520' title='bbox 732 5217 850 5271; x_wconf 77' lang='lat' dir='ltr'>omuino</span> <span class='ocrx_word' id='word_1_521' title='bbox 868 5233 884 5268; x_wconf 91' lang='lat' dir='ltr'>e</span> <span class='ocrx_word' id='word_1_522' title='bbox 901 5216 1030 5272; x_wconf 68' lang='lat' dir='ltr'>mariba·</span> <span class='ocrx_word' id='word_1_523' title='bbox 1047 5220 1231 5286; x_wconf 67' lang='lat' dir='ltr'>deportemur,</span> <span class='ocrx_word' id='word_1_524' title='bbox 1249 5223 1381 5285; x_wconf 82' lang='lat' dir='ltr'>quantum</span> <span class='ocrx_word' id='word_1_525' title='bbox 1399 5232 1450 5283; x_wconf 89' lang='lat' dir='ltr'>per</span> <span class='ocrx_word' id='word_1_526' title='bbox 1466 5212 1552 5266; x_wconf 84' lang='lat' dir='ltr'>aliern</span> <span class='ocrx_word' id='word_1_527' title='bbox 1568 5210 1780 5277; x_wconf 77' lang='lat' dir='ltr'>occupatiorem</span> <span class='ocrx_word' id='word_1_528' title='bbox 1797 5210 1841 5261; x_wconf 87' lang='lat' dir='ltr'>iou</span> 
     </span>
     <span class='ocr_line' id='line_1_56' title="bbox 621 5280 1660 5355; baseline -0.009 -15"><span class='ocrx_word' id='word_1_529' title='bbox 621 5286 691 5353; x_wconf 77' lang='lat' dir='ltr'>orit3</span> <span class='ocrx_word' id='word_1_530' title='bbox 708 5290 833 5351; x_wconf 74' lang='lat' dir='ltr'>nutum,</span> <span class='ocrx_word' id='word_1_531' title='bbox 847 5288 880 5338; x_wconf 90' lang='lat' dir='ltr'>ut</span> <span class='ocrx_word' id='word_1_532' title='bbox 896 5284 967 5339; x_wconf 91' lang='lat' dir='ltr'>baec</span> <span class='ocrx_word' id='word_1_533' title='bbox 980 5288 1088 5342; x_wconf 84' lang='lat' dir='ltr'>minuta</span> <span class='ocrx_word' id='word_1_534' title='bbox 1105 5294 1135 5341; x_wconf 88' lang='lat' dir='ltr'>et</span> <span class='ocrx_word' id='word_1_535' title='bbox 1150 5284 1289 5342; x_wconf 82' lang='lat' dir='ltr'>iuvenilia</span> <span class='ocrx_word' id='word_1_536' title='bbox 1301 5285 1411 5355; x_wconf 83' lang='lat' dir='ltr'>pouiut</span> <span class='ocrx_word' id='word_1_537' title='bbox 1426 5282 1552 5352; x_wconf 87' lang='lat' dir='ltr'>placere,</span> <span class='ocrx_word' id='word_1_538' title='bbox 1564 5280 1660 5349; x_wconf 68' lang='lat' dir='ltr'>optot‘</span> 
     </span>
    </p>
   </div>
   <div class='ocr_carea' id='block_1_6' title="bbox 0 0 2550 6425">
    <p class='ocr_par' dir='ltr' id='par_1_8' title="bbox 0 0 2550 6425">
     <span class='ocr_line' id='line_1_57' title="bbox 0 0 2550 6425; baseline 0 0"><span class='ocrx_word' id='word_1_539' title='bbox 0 0 2550 6425; x_wconf 95' lang='lat' dir='ltr'> </span> 
     </span>
    </p>
   </div>
  </div>
 </body>
</html>
