5092 6425
742 845 763 911 8
1212 838 1434 909 CICERONIS

713 1013 809 1083 3Hoe
834 1012 934 1076 sonitu
961 1011 1093 1097 oppletae
1118 1030 1207 1076 aures
1231 1012 1385 1076 bucinum
1408 1010 1634 1074 obsurduerunt.
1680 1009 1740 1077 Neo
1767 1024 1807 1077 est
1835 1014 1915 1080 ullus

743 1098 872 1163 hebetior
888 1119 991 1161 suasus
1009 1098 1043 1160 in
1059 1097 1157 1160 vobis:
1177 1097 1267 1175 sicut,
1288 1097 1341 1160 ubi
1357 1096 1444 1163 Nilus
1462 1095 1502 1158 od
1519 1096 1571 1158 illa
1592 1117 1668 1181 quae
1686 1097 1842 1183 Catadupa
1859 1123 1914 1164 no-

743 1184 900 1247 minantur
920 1183 1100 1267 praecipitat
1126 1204 1163 1246 eoo
1190 1182 1342 1245 altissimis
1365 1180 1529 1256 montibus,
1570 1203 1605 1244 ea
1630 1203 1703 1265 pens
1728 1205 1804 1280 petae
1830 1185 1915 1249 illum

745 1269 841 1333 locum
869 1268 976 1331 adcolit
993 1276 1120 1352 propter
1142 1266 1378 1351 mapnitudinem
1402 1266 1517 1329 sonitus
1542 1287 1631 1329 sensu
1657 1267 1805 1332 audiendi
1827 1282 1913 1333 caret.

745 1355 805 1418 Hic
825 1374 894 1417 aero
915 1362 1013 1415 tantus
1042 1363 1083 1414 est
1102 1352 1192 1415 totius
1211 1351 1321 1416 muudi
1344 1350 1552 1415 incitatissima
1580 1354 1771 1417 conversione
1790 1356 1914 1430 sonitus,

745 1450 779 1503 ut
806 1460 873 1501 eum
899 1458 987 1500 aures
1014 1435 1169 1500 bominum
1197 1459 1303 1523 capere
1329 1457 1392 1500 non
1410 1437 1548 1521 possint:
1582 1436 1660 1498 a‘cu
1687 1439 1804 1502 intueri
1826 1440 1916 1503 solem

745 1522 902 1586 aduersum
922 1521 1063 1607 inquitis,
1093 1523 1219 1608 eiusque
1237 1521 1336 1586 radiis
1359 1523 1437 1585 acies
1457 1530 1554 1585 sesua
1573 1521 1713 1585 vincitur.
1755 1524 1840 1587 Haeo
1863 1547 1915 1608 epo

744 1607 899 1670 aduenam
918 1627 952 1669 re
966 1605 1082 1670 erebum
1100 1617 1197 1670 tomen
1220 1607 1319 1672 oculos
1339 1606 1380 1670 ad
1396 1617 1508 1670 terram
1525 1603 1692 1670 identidem

835 1691 881 1754 VI.
951 1712 1002 1755 um
1020 1692 1201 1774 Africanus:
1226 1691 1342 1776 Seruio,
1364 1691 1474 1777 inquil,
1494 1701 1522 1754 te
1541 1689 1637 1753 sedem
1656 1692 1744 1754 etiem
1761 1713 1844 1756 nune
1861 1693 1914 1756 bo·

743 1777 859 1840 minum
880 1797 916 1838 oc
932 1776 1052 1838 domum
1071 1777 1271 1861 contemplari.
1314 1775 1400 1852 Quae
1419 1776 1450 1838 si
1468 1775 1525 1839 tibi
1537 1796 1652 1859 parco,
1673 1787 1707 1840 ut
1728 1788 1781 1852 est,
1807 1780 1851 1840 ito
1868 1779 1916 1840 oi-

744 1862 846 1937 detur,
873 1860 945 1925 baec
965 1861 1098 1924 coelestia
1117 1882 1231 1948 semper
1250 1870 1391 1946 spectato,
1418 1860 1470 1923 illa
1490 1859 1623 1924 bumana
1642 1862 1825 1925 enotenenito.
1869 1863 1916 1926 Tu

746 1948 825 2010 enim
848 1967 937 2030 quam
964 1946 1153 2010 celebritatem
1179 1947 1323 2009 sermonis
1347 1945 1502 2010 bominum
1529 1954 1583 2007 out
1606 1965 1696 2030 piam
1722 1947 1916 2032 expetendam

745 2032 886 2115 consequi
903 2031 1032 2115 ploream
1047 2033 1153 2117 potes?
1200 2031 1283 2094 Vides
1305 2029 1438 2094 babi‘tam'
1456 2030 1490 2093 in
1510 2038 1592 2094 terro
1618 2031 1702 2094 roris
1728 2043 1754 2094 et
1781 2034 1916 2115 aequetis

745 2118 780 2180 in
799 2116 870 2179 locis
892 2128 918 2179 et
936 2116 970 2179 in
990 2117 1066 2201 ipsis
1086 2116 1176 2203 quasi
1192 2116 1331 2188 mandis,
1358 2115 1412 2178 ubi
1429 2113 1596 2189 habitatur,
1624 2126 1722 2179 uastas
1741 2117 1915 2179 solitudines

745 2201 925 2275 interiectos,
963 2222 1066 2286 eosque
1091 2202 1145 2288 qui
1172 2201 1303 2265 incolant
1322 2210 1434 2263 terram
1458 2220 1521 2262 non
1544 2199 1632 2277 modo
1664 2201 1847 2285 interruptos
1872 2203 1916 2263 ita

745 2307 820 2360 esse,
847 2294 882 2347 ut
898 2284 979 2347 nibil
998 2287 1077 2349 enter
1096 2287 1178 2371 ipsos
1195 2286 1231 2350 ab
1251 2285 1321 2348 aliis
1344 2285 1385 2347 ad
1402 2284 1477 2348 alios
1495 2305 1620 2348 tenuare
1637 2287 1745 2369 posset,
1771 2287 1822 2348 sed
1841 2307 1915 2371 par·

745 2370 799 2432 tim
818 2368 965 2455 obliquos,
982 2371 1098 2457 partim
1116 2381 1313 2444 transversos,
1328 2370 1444 2455 partim
1464 2370 1551 2432 etiam
1570 2369 1708 2433 adversos
1726 2381 1806 2433 stare
1824 2371 1915 2444 cobis,

715 2455 766 2519 2a
794 2455 901 2538 quibus
929 2467 1083 2540 expectare
1108 2457 1236 2538 ploriam
1262 2465 1337 2519 certe
1366 2455 1478 2517 nullam
1506 2455 1636 2540 potestis.
1688 2453 1791 2517 Cernis
1819 2467 1916 2518 autern

747 2537 869 2600 eandem
890 2548 1001 2602 terrane
1027 2540 1114 2624 quasi
1140 2539 1318 2624 quibusdam
1337 2538 1505 2601 redimitam
1532 2549 1559 2602 et
1580 2537 1791 2603 circumdatam
1810 2541 1916 2622 conpu-

747 2621 800 2696 lis,
827 2643 842 2683 e
862 2620 968 2706 quibus
988 2624 1063 2686 duos
1082 2625 1212 2687 monime
1232 2625 1311 2688 inter
1329 2644 1360 2685 se
1380 2622 1511 2686 diversos
1530 2633 1556 2686 et
1575 2625 1649 2687 coeli
1662 2623 1819 2686 verticibus
1839 2625 1917 2707 ipsis

748 2727 786 2768 en
807 2715 933 2790 utraque
949 2718 1039 2790 parte
1057 2707 1201 2771 minimos
1222 2707 1386 2791 abripuisse
1402 2709 1522 2804 pruina
1544 2708 1640 2783 uides,
1669 2708 1798 2771 medium
1819 2718 1918 2771 autem

717 2789 831 2854 billum
849 2801 876 2852 et
889 2793 1057 2855 monimum
1076 2791 1146 2855 solis
1165 2793 1276 2856 ardore
1296 2802 1414 2855 torreri.
1451 2792 1521 2855 Duo
1542 2803 1614 2856 sunt
1627 2791 1815 2856 habitabiles:
1845 2815 1917 2878 quo·

747 2895 817 2938 rum
836 2876 976 2938 australis
997 2876 1060 2951 ille,
1092 2877 1127 2939 in
1145 2898 1203 2962 quo
1224 2878 1279 2962 qui
1296 2877 1438 2940 insistunt
1458 2876 1584 2940 adversa
1600 2878 1683 2940 oobe's
1705 2887 1812 2961 arpent
1831 2877 1917 2940 oesti-

745 2959 813 3043 pia,
846 2957 926 3022 nibil
946 2959 987 3023 ad
1009 2971 1137 3025 oestrum
1156 2983 1266 3046 penus:
1299 2961 1349 3025 bie
1375 2972 1472 3025 amun
1497 2961 1572 3025 alter
1597 2962 1742 3026 subiectus
1772 2962 1917 3046 aquiloni,

748 3064 833 3129 quem
852 3044 995 3120 incolitis,
1026 3066 1112 3110 eune
1132 3068 1221 3132 quam
1242 3047 1327 3111 tenui
1343 3057 1500 3132 cooperte
1517 3047 1674 3130 contiupat.
1714 3045 1819 3109 Omnis
1840 3048 1918 3108 enim

746 3137 844 3204 terra,
878 3150 953 3214 quae
974 3129 1080 3194 colitur
1102 3154 1122 3194 a
1142 3132 1239 3207 cobis,
1273 3141 1431 3215 anpustata
1450 3130 1623 3206 uerticibus,
1660 3130 1799 3193 baturbus
1819 3129 1917 3205 latior,

744 3234 845 3297 paroe
865 3215 1011 3299 quaedam
1036 3217 1137 3280 insula
1159 3229 1200 3282 est
1218 3216 1400 3299 circumfuso
1427 3216 1478 3280 illo
1500 3215 1594 3289 mori,
1634 3216 1714 3300 quod
1728 3215 1918 3289 Atlanticum,

748 3298 994 3385 quodmapnum,
1016 3321 1101 3386 quem
1120 3301 1272 3368 Oceanum
1290 3301 1446 3385 appellatis
1464 3300 1498 3365 in
1516 3299 1621 3375 terris,
1648 3301 1703 3385 qui
1721 3310 1819 3364 tamen
1837 3310 1918 3363 tauto

816 3513 885 3571 Mos.
903 3517 1143 3585 flammina]

849 3603 875 3651 3.
910 3605 968 3655 Ηοο
985 3607 1072 3657 sonitu
1155 3605 1348 3657 obsurduerunt
1362 3620 1415 3655 om.
1435 3602 1466 3655 P.
1484 3629 1516 3641 -
1534 3604 1691 3670 completae
1708 3602 1804 3671 Mvhg·
1828 3630 1855 3641 -
1874 3604 1919 3654 ui·

747 3663 786 3715 iis
807 3671 849 3718 vl.
874 3694 908 3706 ·-
932 3672 961 3721 in
983 3673 1069 3722 nobis.
1092 3671 1138 3722 ubi
1158 3673 1225 3722 sient
1247 3670 1304 3723 Fe
1319 3688 1347 3738 p·
1365 3688 1402 3722 m.
1427 3696 1456 3707 -
1479 3671 1648 3737 cataduppa
1671 3671 1769 3737 Fap.
1790 3688 1827 3720 m.
1851 3671 1919 3721 MT.

748 3733 911 3800 catadupla
930 3736 983 3785 nt.
1018 3738 1175 3854 eataolapa
1196 3741 1240 3787 vl.
1262 3765 1297 3777 -
1319 3738 1526 3805 praecipitatur
1547 3736 1667 3789 FRlvic.
1691 3765 1727 3777 -
1748 3739 1831 3788 locum
1854 3738 1920 3788 edd.

747 3812 838 3849 aueo.
856 3815 892 3849 m.
914 3801 990 3851 BRl.
1015 3830 1042 3841 —
1066 3820 1129 3855 mua
1149 3804 1277 3855 isonitas
1293 3806 1365 3857 iacit.
1382 3821 1455 3855 cono.
1475 3820 1500 3855 v.
1522 3832 1548 3841 -
1576 3806 1747 3857 incitiseima
1764 3821 1789 3854 c.
1810 3832 1837 3841 -
1865 3807 1922 3855 eius

746 3864 833 3915 radiis
853 3870 921 3925 (oin.
963 3872 1007 3927 ae)
1030 3886 1057 3936 r·
1082 3896 1115 3908 -
1140 3871 1210 3922 acies
1232 3879 1320 3923 uestra
1341 3887 1483 3937 sensusque
1505 3876 1581 3936 (sup.
1609 3887 1626 3921 a
1648 3888 1704 3923 sec.
1730 3888 1766 3922 m.
1782 3889 1810 3922 s.
1834 3873 1921 3932 visus)

747 3932 929 3985 reverberatur
972 3974 978 3984 .

671 4049 681 4058 ,
815 3998 866 4061 vl,
892 4004 916 4052 1.
956 4002 1037 4053 Tunc
1058 3998 1113 4052 vic.
1138 4026 1166 4039 ··
1191 4003 1278 4070 inquit
1299 4004 1381 4054 sentio
1402 4002 1464 4054 FM.
1487 4030 1522 4040 -
1543 4004 1624 4054 etiam
1642 4004 1712 4069 (om.
1731 4010 1814 4064 nane)
1837 4004 1866 4054 Ρ.
1888 4030 1922 4042 -

683 4121 688 4125 ,
747 4064 897 4118 celebritate
919 4068 958 4119 Μ.
981 4094 1013 4106 -
1057 4069 1150 4119 loriam
1169 4086 1244 4121 conse
1280 4070 1388 4137 ngz.
1411 4096 1438 4107 -
1475 4071 1554 4121 Vides
1577 4072 1693 4123 babituri
1784 4089 1862 4139 quom
1886 4073 1921 4122 sit

746 4149 846 4199 parvus
862 4136 936 4186 vides
950 4135 978 4201 (ξ
996 4085 1101 4201 Dici.
1121 4135 1225 4187 comm.
1259 4137 1282 4200 1,
1298 4142 1324 4200 b,
1342 4141 1399 4188 1-3.
1414 4163 1447 4175 -
1462 4138 1491 4187 in
1508 4144 1580 4189 terra
1598 4154 1652 4189 om.
1667 4139 1736 4191 Rue.
1754 4166 1787 4177 ·-
1805 4156 1923 4189 masco-

748 4201 781 4251 lis
799 4199 831 4251 B.
852 4227 880 4239 -
900 4219 1004 4270 eosque
1021 4203 1069 4254 sie
1085 4204 1115 4253 h.
1134 4204 1152 4255 Ι.
1172 4221 1242 4255 unus
1260 4204 1291 4255 Ρ.
1327 4206 1433 4271 bosque
1451 4205 1520 4256 Mos.
1537 4206 1601 4256 rell.
1621 4214 1649 4257 et
1662 4207 1731 4257 Edd.
1767 4207 1802 4256 At
1816 4206 1922 4256 Comus.

746 4267 766 4318 Ι.
788 4275 812 4318 c.
829 4267 857 4319 in
876 4270 1005 4321 omnibus
1024 4271 1090 4322 Mos.
1110 4279 1138 4322 ct
1156 4271 1226 4322 Ede.
1245 4271 1352 4339 legitur
1371 4288 1490 4337 eosque.
1508 4299 1541 4312 -
1563 4273 1692 4326 incolunt
1709 4273 1793 4335 Edd.;
1813 4272 1920 4322 Comus.

746 4334 767 4383 1.
794 4351 818 4385 c.
847 4336 915 4386 Mos,
945 4337 1081 4403 plerique.
1112 4364 1146 4377 ·-
1172 4354 1283 4389 meare
1306 4339 1389 4406 possit
1417 4339 1467 4388 Rl.
1495 4363 1529 4377 -
1554 4341 1655 4407 partim
1680 4349 1842 4392 transversos
1868 4356 1923 4390 om.

747 4398 918 4453 BTPRmG.
951 4406 1051 4469 partim
1073 4421 1166 4457 ocrem
1185 4405 1228 4465 (in
1247 4422 1304 4472 mg.
1324 4411 1501 4466 transuersos)
1526 4424 1554 4474 g.
1586 4409 1686 4474 partim
1706 4424 1816 4458 aversos
1839 4423 1864 4456 n.
1892 4433 1921 4443 -

745 4468 845 4543 partim
862 4484 974 4519 omues
992 4471 1116 4523 aduersos
1142 4489 1168 4523 v.
1195 4498 1222 4510 -
1247 4473 1320 4524 vobis
1337 4481 1408 4524 stare
1429 4473 1468 4523 Μ.
1491 4498 1525 4511 -
1548 4483 1684 4539 expectare
1707 4474 1922 4538 (Fossam.)

746 4531 849 4593 Poeaus
866 4532 972 4585 comm.
990 4537 1010 4586 1.
1028 4553 1050 4586 c.
1066 4537 1135 4590 Mos.
1152 4538 1380 4591 studeamus.
1420 4546 1548 4605 spectare
1565 4539 1805 4605 Bltoffsstmgo.
1841 4535 1922 4599 Quod

746 4598 874 4651 defendit
890 4599 1011 4654 Arntzen
1029 4605 1064 4654 od
1082 4604 1156 4656 Plio.
1176 4623 1201 4670 p.
1222 4611 1281 4657 166.
1317 4606 1372 4657 sec
1392 4614 1487 4658 natum
1510 4624 1573 4658 esse
1591 4608 1701 4657 vitetur
1724 4602 1922 4669 coronantis·

746 4663 823 4716 tione
840 4681 895 4731 qua
912 4683 984 4719 nanc
1001 4676 1117 4723 utuntur
1134 4672 1212 4723 Itali.
1247 4673 1290 4723 Ex
1313 4674 1448 4739 spiciam
1469 4674 1525 4724 Ast.
1548 4673 1590 4733 11,
1611 4678 1636 4723 ³.
1658 4670 1832 4722 Foreeiiinus
1858 4687 1923 4734 pro-

747 4732 803 4783 ieet
820 4741 959 4798 spectare,
977 4739 1025 4787 scd
1043 4738 1072 4788 in
1091 4739 1134 4790 ed.
1155 4738 1244 4791 orell.
1263 4739 1325 4791 aine
1344 4741 1405 4791 alio
1423 4739 1612 4806 discrepantia
1629 4738 1736 4802 iegitur
1753 4745 1923 4802 exspectare.

747 4825 780 4837 -·
805 4801 1124 4855 intendissem.
1149 4806 1200 4856 Rs.
1355 4811 1383 4860 2.
1417 4807 1572 4874 quibusdan
1595 4804 1672 4869 quasi
1693 4802 1714 4853 i·
1755 4806 1833 4868 quasi
1855 4806 1925 4866 (om.

685 4869 688 4878 “
746 4865 917 4931 quibusdam)
936 4884 963 4919 v.
984 4896 1011 4907 —
1031 4872 1096 4937 ipsis
1113 4872 1253 4925 verticibus
1270 4874 1337 4924 coeli
1358 4874 1412 4925 vic.
1430 4898 1459 4911 -
1480 4878 1558 4938 perte
1574 4870 1638 4920 add.
1656 4885 1674 4921 a
1691 4886 1746 4921 sec.
1766 4888 1802 4920 m.
1821 4870 1872 4922 Rl.
1895 4898 1924 4908 -

746 4932 907 5000 obriguisse
931 4935 969 4985 Μ.
1122 4940 1147 4987 3.
1183 4939 1298 4990 aduersa
1318 4941 1399 4992 nobis
1420 4943 1546 5007 urguent
1566 4937 1683 5004 vestigia
1712 4937 1745 4988 Ρ.
1789 4938 1850 4988 adv.
1874 4955 1923 4989 oo-

746 4999 786 5051 bis
800 5002 918 5067 uestigia
934 5007 1034 5069 argent
1047 4999 1125 5053 ΤΒΙ.
1142 5030 1177 5042 -
1192 5005 1232 5055 nii
1249 5004 1312 5056 Fit.
1331 5033 1359 5043 -
1377 5022 1453 5073 quem
1468 5003 1583 5054 inoffitis
1599 5020 1653 5055 om.
1673 5021 1699 5054 v.
1735 5021 1811 5070 quern
1828 5006 1924 5057 colitis

748 5066 782 5117 (ἱ.
804 5093 839 5106 -
863 5068 955 5119 Omnis
977 5075 1082 5120 autem
1104 5070 1143 5120 vi.
1167 5098 1201 5109 -
1230 5080 1381 5139 angam·
1403 5070 1471 5122 Mis.
1495 5068 1587 5136 vieag.
1610 5070 1706 5135 ,,Μι.“
1730 5070 1829 5123 Barth.
1856 5074 1874 5123 Ι.
1900 5089 1925 5122 c.

652 5198 659 5215 ἱ
747 5140 871 5213 angusta
888 5150 928 5196 ις
957 5134 1925 5204 comm.1.e.ei11‚o,so1u.peeueomnen.-usataese13.

748 5208 787 5253 cst
807 5202 896 5254 insula
918 5202 1024 5256 comm.
1047 5203 1079 5258 u.
1101 5220 1141 5257 ec.
1165 5209 1194 5259 ot
1214 5206 1257 5271 11,
1279 5212 1311 5271 9,
1332 5208 1350 5257 ὅ
1370 5204 1441 5256 Mos·
1464 5202 1602 5271 plerique.
1628 5235 1655 5244 -
1682 5208 1766 5274 quod
1794 5207 1925 5259 Oceanum
