5092 6425
793 872 930 941 COMM.
952 870 997 938 IN
1017 867 1145 938 SOMN.
1166 867 1264 936 SClP.
1308 871 1384 936 LIB.
1406 874 1429 937 l.
1473 873 1666 945 caP.xx1.
1756 883 1816 949 125

643 1045 740 1131 magis
762 1044 803 1109 sit
825 1043 982 1130 sequenda
1003 1041 1165 1119 sententia,
1186 1047 1334 1105 tractatus
1354 1041 1479 1115 invenit.
1523 1047 1587 1115 Neo
1609 1048 1668 1117 hoc
1688 1053 1866 1122 tacitumllll

641 1141 703 1209 est,
742 1152 797 1195 cur
820 1131 900 1195 iuter
922 1150 1029 1194 omnes
1052 1128 1155 1200 stellas
1176 1128 1240 1192 sela
1261 1127 1327 1191 sine
1350 1127 1452 1194 lratris
1475 1132 1568 1198 radiis
1590 1134 1663 1203 luna
1685 1158 1748 1205 non
1769 1140 1815 1207 lu·

641 1225 722 1282 ceat:
746 1217 851 1280 sedet
873 1238 951 1302 quae
973 1215 1142 1301 spatiorum
1167 1213 1245 1277 ratio
1266 1214 1364 1277 solem
1386 1215 1424 1280 ab
1443 1215 1491 1282 his
1509 1239 1643 1307 quoque,
1665 1224 1813 1310 quicum

642 1304 722 1368 inter
745 1310 862 1387 septem
885 1311 1030 1388 quartum
1053 1301 1202 1374 locarunt,
1228 1319 1290 1362 non
1314 1307 1417 1365 tamen
1439 1303 1570 1388 abrupte
1590 1307 1736 1389 medium,
1759 1312 1812 1378 sed

642 1389 705 1452 lere
729 1388 862 1452 medium
887 1388 945 1452 dici
968 1386 1117 1471 coegerit,
1143 1384 1333 1470 publicatum
1355 1393 1410 1450 est.
1454 1388 1538 1466 Quid
1560 1391 1733 1478 significent
1757 1404 1859 1473 ιιι-31

642 1475 740 1550 mina,
773 1473 885 1559 quihus
907 1474 949 1537 ita
971 1480 1114 1548 vocatur,
1147 1479 1182 1535 ut
1206 1469 1322 1534 laudari
1345 1479 1465 1538 tantum
1488 1485 1630 1559 putetur,
1661 1480 1812 1551 innotuit:

642 1560 819 1643 magnitudo
842 1580 967 1644 quoque
992 1559 1072 1634 eius,
1110 1555 1163 1620 sed
1186 1563 1217 1621 et
1239 1557 1377 1621 caelestis
1401 1579 1455 1642 per
1475 1581 1568 1645 quem
1589 1565 1734 1633 discurrit
1753 1570 1811 1634 cir·

640 1647 710 1721 culi,
732 1655 896 1729 terraeque
916 1644 1041 1729 pariter,
1058 1651 1173 1728 quanta
1196 1642 1235 1707 sit
1257 1642 1302 1707 vel
1326 1645 1587 1727 quemadmodum
1610 1650 1810 1738 deprehensa,

639 1740 842 1796 monstratum
865 1738 919 1794 est.
964 1729 1177 1794 Subiectarum
1199 1726 1398 1812 sphaerarum
1422 1732 1528 1797 stellae
1549 1738 1808 1820 quemadmodum
1819 1749 1860 1814 32

638 1820 669 1882 in
688 1818 822 1894 zodiaco,
841 1815 894 1901 qui
917 1836 1009 1899 supra
1028 1835 1135 1879 omnes
1156 1821 1211 1891 est,
1233 1814 1305 1878 lerri
1325 1814 1475 1896 dicantur,
1496 1819 1543 1885 vel
1565 1843 1644 1909 quae
1666 1826 1744 1891 ratio
1765 1827 1810 1892 di·

638 1924 796 1968 versarum
820 1902 909 1965 iaciat
935 1921 991 1965 seu
1012 1901 1143 1965 celerem
1165 1922 1221 1965 seu
1247 1900 1369 1966 tardum
1391 1924 1567 1971 recursum:
1603 1909 1656 1974 sed
1684 1919 1715 1976 et
1744 1913 1810 1998 ipse

638 1990 779 2053 zodiacus
798 1988 829 2050 in
847 1986 1009 2051 duodecim
1029 1995 1130 2071 partes
1148 2008 1209 2072 qua
1227 1986 1346 2052 ratione
1364 1988 1480 2054 divisus
1497 1991 1546 2070 sit,
1564 2014 1681 2082 curque
1698 1999 1859 2093 Ariespra]

638 2075 755 2159 primus
784 2072 948 2149 habeatur,
986 2080 1018 2136 et
1044 2093 1123 2157 quae
1155 2073 1239 2156 signa
1268 2072 1302 2136 in
1329 2094 1462 2158 quorum
1496 2078 1660 2145 numinum
1692 2083 1809 2150 ditione

639 2162 709 2236 sint,
730 2160 905 2224 ahsolutum
929 2166 984 2222 est.
1029 2157 1088 2222 Sed
1108 2157 1211 2222 omnia
1231 2157 1315 2235 haec,
1338 2180 1418 2244 quae
1438 2160 1477 2225 de
1501 2182 1623 2230 summo
1643 2165 1681 2231 ad
1703 2168 1807 2234 lunam
1817 2176 1858 2240 33

638 2268 675 2310 us
698 2266 738 2309 ue
760 2245 953 2329 perveniunt,
974 2264 1059 2308 sacra
1081 2246 1258 2328 incorrupta
1281 2244 1384 2310 divina
1406 2253 1493 2309 sunt:
1517 2248 1588 2332 quia
1610 2250 1642 2314 in
1664 2251 1739 2337 ipsis
1761 2263 1809 2320 est

639 2267 746 2395 aether
768 2351 889 2414 semper
912 2329 992 2394 idem
1015 2351 1071 2394 nec
1091 2351 1240 2416 umquam
1263 2328 1414 2414 recipiens
1437 2330 1629 2430 inaequalem
1652 2337 1809 2404 varietatis

639 2425 767 2480 aestum.
809 2415 892 2479 Inlra
918 2415 1021 2480 lunam
1048 2423 1079 2480 ct
1100 2436 1154 2480 aer
1176 2423 1207 2480 et
1229 2424 1338 2480 natura
1360 2419 1596 2502 permutationis
1620 2423 1736 2506 pariter
1762 2426 1807 2489 in-

639 2502 771 2586 cipiunt,
808 2512 839 2566 et
860 2501 938 2566 sieut
960 2501 1093 2566 aetheris
1120 2508 1151 2566 et
1174 2501 1268 2579 aeris,
1305 2503 1347 2566 ita
1369 2502 1544 2568 divinorum
1567 2514 1598 2571 et
1622 2509 1806 2576 caducorum

637 2589 709 2652 luna
731 2587 897 2652 confinium
919 2595 974 2651 est.
1017 2587 1111 2665 Quod
1133 2595 1235 2653 autem
1264 2587 1308 2652 ait
1333 2589 1414 2654 achil
1435 2590 1520 2674 r'ufru
1541 2591 1645 2659 lunum
1672 2617 1739 2662 esse
1761 2600 1857 2669 cli-{hl

637 2677 741 2739 uiuum
759 2686 880 2760 practer
901 2675 1018 2738 carmos
1039 2696 1161 2738 murram
1182 2675 1306 2739 deorum
1325 2674 1480 2741 horarium
1498 2681 1605 2763 peracri
1629 2681 1721 2759 dator,
1744 2707 1806 2749 non

638 2761 678 2824 ita
700 2760 910 2845 accipiendum
932 2768 993 2835 est,
1016 2760 1135 2825 animos
1154 2759 1204 2828 hic
1224 2781 1306 2837 esse,
1328 2768 1364 2825 ut
1384 2761 1433 2828 hic
1456 2763 1538 2828 nasci
1560 2773 1720 2849 putentur:
1753 2771 1807 2836 sed

637 2847 715 2910 sicut
737 2846 832 2910 solem
858 2845 1003 2909 interris
1031 2867 1097 2910 esse
1121 2846 1221 2911 dicere
1250 2847 1402 2926 solemus,
1438 2850 1525 2933 cuius
1551 2853 1656 2919 radius
1683 2855 1808 2923 advenit

635 2941 665 2996 et
688 2932 816 3007 recedit,
846 2930 887 2995 ita
908 2931 1083 2996 animorum
1105 2932 1192 3016 origo
1214 2933 1353 2997 caelestis
1376 2942 1437 3012 est,
1464 2935 1518 3000 sed
1539 2936 1606 3022 lege
1629 2942 1807 3025 temporalis

634 3016 851 3101 hospitalitatis
879 3015 929 3079 hic
956 3016 1068 3080 exulat.
1110 3018 1194 3081 llaec
1222 3039 1296 3101 ergo
1327 3019 1412 3102 regio
1438 3020 1577 3086 divinum
1607 3024 1683 3088 nihil
1712 3025 1805 3093 hahet

633 3104 713 3188 ipsa,
734 3102 786 3165 sed
808 3100 931 3185 recipit,
953 3109 984 3164 et
1003 3101 1074 3186 quia
1099 3102 1207 3187 recipit
1227 3110 1259 3166 et
1279 3103 1422 3167 remittit:
1444 3107 1603 3191 proprium
1627 3118 1730 3174 autem
1751 3113 1804 3178 ha·

1431 3274 1517 3334 [ΕΜ.
1536 3275 1739 3345 vicuhgspdah.

633 3360 696 3422 quc]
715 3354 745 3404 h.
775 3382 802 3391 -
831 3356 921 3423 magle
938 3355 1119 3422 adsequenda
1137 3355 1266 3408 scatentia
1290 3353 1667 3411 Bcsslahlonuaaahava.
1718 3365 1809 3432 magia

633 3423 767 3489 requeurlu
785 3423 819 3473 rit
841 3425 970 3474 scatentia
994 3423 1159 3474 EddFSPG
1181 3422 1304 3488 ‚mugla
1357 3424 1392 3474 sit
1412 3427 1501 3493 magis
1523 3430 1656 3493 aequanda
1676 3433 1808 3483 renuentia

634 3492 682 3540 V3.
718 3491 807 3557 magia
824 3493 957 3555 sequenda
975 3493 1041 3542 aiut
1060 3491 1154 3555 „liber
1172 3490 1296 3558 optimae
1315 3495 1417 3542 ποιῆθ’*
1435 3492 1520 3544 Gran.
1672 3500 1715 3548 30.
1752 3500 1808 3552 Nec

633 3559 816 3610 hortantum
837 3558 924 3609 ertB.
955 3588 988 3596 -
1018 3576 1105 3610 omnes
1123 3560 1191 3610 iuter
1207 3559 1299 3611 atellae
1316 3557 1366 3609 Rl.
1396 3587 1431 3599 -
1460 3562 1628 3624 riaefratrir
1645 3567 1731 3617 radiis
1749 3568 1807 3619 sola

633 3628 699 3677 turra
717 3627 767 3676 RQ.
790 3655 815 3663 -
837 3627 882 3675 red
900 3644 967 3693 qrrae
985 3633 1053 3687 (om.
1073 3632 1110 3687 ct)
1131 3628 1162 3677 B.
1178 3653 1211 3665 -
1230 3627 1399 3680 locaverunt
1415 3627 1438 3677 F
1440 3629 1460 3678 l.
1480 3657 1515 3669 —
1530 3632 1693 3695 publicatum
1708 3641 1747 3687 ert

633 3695 742 3745 laudari
760 3695 788 3760 (ᾗ
807 3698 863 3753 31.)
888 3696 950 3745 odd.
972 3712 988 3747 a
1008 3713 1062 3746 rec.
1082 3713 1118 3747 m.
1138 3694 1167 3746 C.
1324 3698 1367 3747 31.
1402 3697 1441 3748 ita
1459 3706 1569 3750 uncant
1593 3714 1618 3751 v.
1648 3728 1681 3739 —
1711 3704 1805 3771 depra-

632 3765 714 3813 heora
732 3766 777 3815 rit
796 3764 848 3812 Ra.
1002 3767 1043 3813 32.
1080 3766 1108 3814 iu
1130 3763 1240 3814 zodiaco
1258 3760 1316 3814 FO.
1351 3764 1380 3816 ia
1397 3766 1544 3817 zodiacum
1565 3766 1596 3816 B.
1630 3768 1659 3820 ira
1677 3771 1806 3825 audiaris

631 3831 808 3882 Baiussnmlr.
844 3831 953 3882 zodiaco
971 3836 1038 3891 (om.
1059 3833 1102 3892 iu)
1120 3829 1378 3884 EdchPR2GIlI.
1418 3836 1567 3886 andiacum
1584 3835 1637 3888 [tr.
1658 3863 1692 3876 -
1717 3856 1805 3892 amuco

632 3917 712 3965 supra
733 3901 763 3949 B.
800 3916 886 3965 super
904 3916 991 3950 omnes
1007 3900 1038 3951 F.
1057 3926 1090 3937 —
1105 3901 1177 3965 ferri
1191 3905 1266 3964 (arip.
1285 3899 1304 3950 i.
1321 3901 1395 3968 geri)
1416 3902 1466 3953 Rl.
1485 3932 1519 3941 -
1537 3903 1709 3957 diuersarum
1728 3912 1774 3969 (ιιι
1797 3947 1804 3962 .

631 3974 662 4027 a]
686 3968 735 4017 ltt.
777 3968 941 4018 diuersurum
959 3969 1175 4034 sphaerarum
1193 3966 1287 4018 hllsu.
1314 3996 1342 4006 -
1371 3986 1560 4023 recursurum
1580 3977 1655 4038 (sup.
1675 3981 1747 4036 rura)
1794 4011 1802 4030 .

631 4053 738 4086 currum
756 4041 830 4101 (sup.
847 4040 888 4095 rc)
909 4036 958 4085 Rl.
999 4053 1143 4087 recurram
1159 4034 1190 4084 F.
1213 4064 1246 4073 -
1270 4052 1317 4086 seu
1336 4038 1443 4092 celerem
1460 4040 1600 4089 celorum
1618 4041 1668 4091 [tt.
1691 4069 1726 4082 -
1749 4059 1804 4109 qu

631 4111 700 4162 (om.
716 4106 832 4160 ratione)
851 4120 876 4152 v.
891 4132 926 4142 -
944 4104 1044 4155 diuisus
1062 4109 1129 4164 (um.
1149 4104 1197 4161 rit)
1215 4104 1271 4153 s-h.
1292 4131 1318 4140 —
1337 4107 1440 4171 primur
1457 4108 1501 4158 rit
1519 4105 1549 4157 F.
1565 4132 1599 4143 —
1615 4108 1715 4161 ditione
1731 4117 1803 4164 auat

630 4172 663 4220 B.
819 4174 861 4220 33.
899 4172 952 4221 Sed
970 4172 1035 4223 hacc
1054 4172 1141 4223 omnia
1159 4171 1210 4220 Ra.
1264 4170 1319 4221 Sed
1338 4180 1369 4223 et
1387 4175 1475 4224 omnia
1493 4174 1558 4225 haec
1574 4172 1705 4226 BamTu.
1755 4179 1802 4230 cert

630 4248 660 4290 ct
680 4255 735 4289 cur
754 4240 842 4288 omnia
860 4239 924 4289 haec
942 4240 993 4291 111.
1018 4267 1051 4277 -
1082 4240 1146 4306 ipris
1165 4244 1232 4298 (om.
1250 4238 1293 4297 iu)
1314 4238 1345 4289 B.
1372 4266 1406 4279 -·
1433 4242 1504 4293 ether
1520 4241 1588 4291 tuem
1606 4258 1707 4312 semper
1724 4250 1802 4312 (erip.

630 4307 761 4365 addest)
783 4308 830 4356 Rl.
850 4335 881 4343 —
901 4324 948 4357 aec
966 4309 1035 4357 idem
1050 4323 1175 4374 umquam
1195 4304 1225 4356 0.
1259 4306 1329 4355 idem
1345 4325 1383 4357 ue
1399 4325 1524 4374 umquam
1542 4309 1593 4359 Rl.
1613 4337 1639 4347 -
1664 4312 1742 4375 hasra
1759 4314 1803 4365 lu·

628 4392 692 4425 aum
713 4392 759 4424 aer
775 4380 832 4434 (om
859 4380 896 4433 et)
918 4375 986 4429 Fch.
1011 4402 1045 4413 —
1066 4375 1197 4441 incipiunt
1216 4377 1292 4437 (sup.
1312 4374 1462 4433 incurrunt)
1479 4374 1511 4426 F.
1533 4402 1567 4415 —
1589 4378 1739 4431 divinorum
1757 4380 1801 4443 (in

630 4461 687 4509 mg.
706 4443 929 4502 diuturnorum)
953 4460 980 4510 g.
1134 4446 1176 4491 34.
1212 4442 1330 4491 divinum
1353 4442 1396 4502 (in
1420 4460 1475 4509 mg.
1495 4445 1690 4507 diuturnum)
1714 4464 1743 4514 g.
1771 4477 1799 4488 -

627 4528 734 4561 munere
753 4512 855 4572 diuum
873 4510 903 4560 F.
930 4538 961 4549 -
982 4511 1163 4576 accipiendum
1181 4510 1220 4559 ita
1240 4524 1264 4558 v.
1293 4535 1320 4544 -
1344 4525 1399 4561 aare
1416 4512 1443 4561 ia
1462 4514 1540 4563 terrie
1559 4529 1620 4578 v-p.
1639 4541 1673 4552 -
1691 4515 1801 4569 auima-

628 4596 686 4630 rum
705 4579 756 4628 Ra.
781 4608 815 4617 -
839 4581 928 4630 redet
947 4579 1007 4647 lege
1025 4577 1055 4628 C.
1076 4606 1111 4615 -
1133 4579 1193 4644 ipra
1209 4577 1278 4627 nihil
1294 4576 1372 4629 hahet
1389 4577 1421 4629 F.
1446 4608 1479 4617 -
1503 4588 1528 4631 ct
1544 4582 1653 4635 remittit
1671 4582 1801 4637 3081312

628 4763 710 4812 quum
729 4747 877 4812 proposuit
893 4764 915 4796 c.
937 4751 976 4808 17,
993 4745 1005 4810 ᾗ
1023 4750 1056 4807 t,
1074 4744 1121 4796 uhi
1139 4745 1190 4797 ad·
1275 4747 1318 4795 32.
1354 4746 1447 4798 atellae
1469 4748 1686 4813 qrremadmerlum
1707 4752 1736 4803 iu
1755 4772 1800 4805 aa·

629 4815 786 4933 ἓιιιῑιιιίίιιιιιιε
809 4833 863 4881 quo
887 4815 1001 4881 singula
1026 4819 1121 4864 essent
1145 4831 1190 4865 re·
1241 4815 1367 4947 §gulos
1388 4815 1614 4933 serriddicautur]
1641 4815 1686 4870 (ll.
1709 4825 1798 4939 epm,

642 4900 706 4933 eren
729 4899 753 4934 a.
1092 4907 1095 4913 ·
1312 4909 1327 4919 -
1349 4917 1356 4931 ·
1378 4909 1412 4918 -
1435 4900 1466 4933 ao
1486 4901 1561 4936 sacua
1580 4920 1605 4936 ..
1660 4902 1801 4941 aratoria

662 4955 704 5001 30.
739 4966 787 5000 cur
807 4985 833 5000 ..
857 4950 922 4999 luna
943 4966 996 4999 uou
1020 4947 1115 5014 luceat]
1145 4946 1188 4999 cl.
1241 4950 1343 5000 divinar
1361 4948 1404 5015 sit]
1427 4948 1465 4999 ilr.
1483 4952 1510 5015 §h
1529 4903 1674 5002 842.ᾳὶ
1702 4973 1799 5023 curque

629 5036 652 5068 e.
672 5023 718 5082 19,
744 5017 773 5083 δῇ
793 5020 878 5066 8-13.
900 5044 935 5052 -
957 5032 1025 5083 quae
1042 5019 1188 5083 spatiorum
1241 5019 1317 5068 Aries
1334 5018 1435 5083 primur
1453 5019 1590 5086 hahentur]
1612 5020 1649 5071 ih.
1670 5022 1683 5085 h
1702 5026 1745 5072 23.
1768 5053 1796 5063 -

627 5088 698 5137 ratio
718 5085 782 5148 ete]
802 5085 840 5134 ih.
859 5084 888 5149 §h
907 5086 1007 5134 14-22.
1238 5103 1307 5152 quae
1325 5087 1406 5152 sigua
1426 5121 1450 5137 ..
1470 5086 1531 5153 rial]
1551 5088 1589 5138 ih.
1606 5089 1633 5152 §h
1651 5093 1753 5140 24-21.

661 5158 703 5203 31.
742 5153 812 5215 Quid
829 5153 980 5221 significent
996 5150 1113 5218 uomina]
1144 5150 1186 5201 cl.
1271 5156 1314 5202 33.
1352 5153 1405 5203 sert
1431 5190 1455 5204 ..
1485 5154 1549 5205 luna
1579 5158 1720 5221 confinium
1747 5160 1798 5225 est]

629 5238 653 5270 c.
668 5224 712 5282 20,
730 5219 759 5285 βξ
780 5223 843 5269 1-a.
857 5246 890 5256 -
908 5221 1068 5287 magnitudo
1086 5236 1187 5286 quoquc
1236 5220 1316 5271 llaec
1335 5221 1522 5272 arlnectuutur
1539 5223 1574 5273 ed
1593 5223 1606 5286 h
1627 5228 1670 5272 28.

628 5289 685 5339 eius
703 5287 768 5353 etc]
786 5287 824 5339 ih.
843 5286 872 5351 §h
888 5290 970 5337 9-32.
1270 5292 1313 5339 34.
1349 5287 1448 5354 exulat]
1479 5289 1571 5342 Animi
1590 5290 1717 5353 exulant,
1742 5308 1795 5343 non
