5092 6425
1199 872 1337 942 CAPUT
1358 873 1397 940 V.
1536 958 1540 962 Α
1817 903 1895 950 urus

669 1047 754 1099 iocos
778 1042 969 1097 enendmdos
988 1040 1142 1109 sdiibttns,
1170 1042 1271 1095 deinde
1289 1059 1308 1097 s
1332 1058 1376 1098 ne
1394 1045 1443 1098 set
1459 1047 1495 1099 ab
1512 1046 1580 1099 aitis
1600 1059 1664 1101 iseo
1679 1052 1825 1104 commodo
1846 1067 1898 1106 cx-

669 1147 790 1198 cossos,
809 1135 875 1183 ton.
888 1134 974 1181 nates
991 1142 1133 1181 excussos
1151 1130 1202 1180 sed
1220 1131 1340 1182 nondun
1359 1133 1512 1200 adbibitus,
1534 1133 1653 1199 &nique
1671 1135 1819 1200 inspectos
1837 1139 1898 1192 sis-

669 1218 847 1283 gutisiocis.
1289 1276 1293 1281 .

737 1306 762 1356 1.
797 1302 950 1355 Codices
969 1299 1297 1353 commentariorum
1320 1302 1354 1353 tn
1371 1305 1537 1356 {omniun
1554 1303 1744 1368 scipionis.

739 1389 773 1454 a)
791 1391 833 1439 Ab
853 1389 919 1439 aliis
938 1389 973 1438 nd
992 1386 1125 1455 singulos
1142 1387 1226 1438 locos
1243 1390 1431 1441 emendandos
1449 1389 1574 1442 adhibiti.

739 1477 858 1527 Praeter
870 1473 1108 1526 camerarium
1125 1475 1155 1522 et
1168 1472 1388 1543 carrionem,
1406 1489 1523 1546 quorun
1539 1475 1654 1527 codices
1672 1483 1894 1535 commutabo

669 1562 760 1627 inira,
774 1561 822 1613 ubi
838 1573 921 1624 sgssr
937 1559 972 1610 de
989 1558 1201 1625 saturnalibus,
1217 1560 1364 1611 codicibus
1386 1561 1600 1624 manuscriptis
1617 1561 1664 1612 usi
1683 1567 1749 1614 sant
1768 1566 1894 1619 Frauc.

670 1648 817 1713 btodtus,
837 1646 939 1708 casp.
955 1643 1133 1707 barthius,
1151 1644 1219 1695 isc.
1236 1645 1437 1696 Gronovius
1455 1647 1493 1706 ¹).

738 1733 774 1800 1)
789 1730 1014 1784 Franciscus
1037 1728 1175 1780 Medius
1196 1730 1352 1794 brugensis
1376 1730 1405 1781 in
1428 1730 1731 1796 iterantiquarnn
1752 1735 1895 1788 Lectio·

669 1834 745 1871 uasr
764 1818 905 1883 epistolis,
922 1829 993 1879 quas
1010 1827 1097 1878 supra
1114 1815 1402 1879 commemoravimus,
1422 1830 1479 1867 non
1495 1829 1604 1878 paucos
1621 1817 1704 1868 iocos
1723 1819 1815 1883 quiin
1833 1823 1894 1874 edt-

670 1908 749 1957 ttone
765 1905 866 1956 didius
888 1903 1021 1966 (quaest
1038 1903 1122 1959 usus)
1146 1899 1173 1950 ei
1191 1900 1354 1951 riderentur
1372 1901 1499 1964 corrupti
1519 1903 1676 1954 emendavit
1691 1905 1822 1957 adhibitis
1841 1919 1893 1958 co-

670 1993 780 2042 dicibus
800 2001 883 2040 snanu
906 1985 1024 2049 scriptis
1046 1998 1121 2050 quos
1139 1991 1226 2036 voest
1247 1987 1409 2050 pierumque
1429 1989 1476 2039 vel
1496 1988 1653 2050 scriptos
1671 1990 1719 2039 vei
1735 1993 1894 2044 membra-

670 2091 734 2128 nas
766 2076 813 2125 set
838 2075 903 2125 dno
932 2084 1029 2122 nanu
1054 2057 1246 2121 exaratos?
1276 2074 1370 2122 senet
1398 2072 1427 2124 in
1458 2073 1581 2136 epistola
1606 2076 1670 2125 XX.
1698 2075 1735 2126 sd
1760 2078 1892 2131 ioannem

670 2161 816 2213 Postbiurs
830 2158 1007 2209 Archistrssn
1022 2155 1271 2220 wirceburgicun
1290 2158 1412 2221 scripta:
1437 2160 1589 2224 „Repono‚
1612 2160 1719 2225 inquit,
1740 2174 1776 2212 ex
1798 2176 1893 2215 nen-

670 2248 797 2301 branis
819 2242 1042 2296 vestratibus
1067 2240 1176 2304 pariter
1199 2245 1232 2292 et
1256 2241 1514 2311 nostratibus‘ss
1546 2257 1617 2307 qnae
1640 2246 1816 2297 menbranae
1834 2259 1892 2300 nss

672 2335 750 2384 atine
779 2343 844 2382 esse
867 2330 996 2380 sidentur
1021 2327 1077 2378 nisi
1102 2326 1168 2377 libri
1191 2340 1276 2378 manu
1299 2328 1400 2391 scripti
1425 2331 1460 2380 de
1487 2329 1585 2392 quibus
1611 2328 1641 2378 in
1666 2342 1710 2390 ep.
1736 2331 1892 2386 LXXXiV.

672 2419 846 2479 Hieronymo
866 2414 956 2480 bingio
979 2412 1092 2464 scribit:
1129 2413 1255 2476 „Veram
1278 2413 1430 2465 lectionem
1451 2427 1559 2477 repono
1582 2427 1618 2464 ex
1639 2414 1732 2466 libro
1751 2417 1890 2480 scripto

670 2501 990 2554 Franciocanoruro
1007 2498 1095 2562 apud
1113 2511 1179 2548 ros
1201 2499 1343 2551 etaltera
1362 2500 1423 2564 sui
1446 2504 1503 2552 est
1523 2501 1671 2552 lutfridi
1690 2500 1787 2552 Petri
1804 2504 1892 2554 Leo·

669 2585 854 2638 vardensis
875 2586 897 2636 1.
921 2585 956 2636 c.
976 2583 1228 2635 antecessoris
1251 2584 1485 2637 coloniensis
1513 2585 1632 2649 mihique
1652 2600 1758 2639 eume
1778 2588 1907 2660 amici&

668 2671 853 2736 wirceburgi
879 2669 974 2723 nuiss
998 2681 1072 2721 nunc
1095 2671 1192 2721 exstat
1214 2671 1306 2722 codex
1326 2672 1475 2723 Macrobii.
1508 2672 1543 2722 ii.
1564 2673 1652 2724 biodii
1678 2674 1889 2727 emendationes

665 2764 703 2815 sb
720 2763 758 2811 is.
775 2759 905 2810 Pontaso
922 2755 1030 2807 ascitos
1047 2768 1114 2806 esse
1126 2757 1187 2807 tere
1200 2769 1297 2807 onnes
1314 2770 1401 2821 supra
1426 2757 1582 2810 retuitmus.
1616 2760 1687 2809 Sunt
1709 2773 1761 2812 eae
1783 2764 1889 2826 probae

665 2850 844 2912 pierumque:
871 2845 923 2894 sed
941 2839 1141 2895 confirmantur
1157 2843 1218 2894 iere
1236 2833 1363 2895 omnibus
1380 2845 1451 2895 meis
1469 2843 1632 2912 codicibus,
1648 2848 1691 2912 ut,
1708 2847 1790 2899 cuius
1808 2848 1890 2900 tani·

664 2935 723 2986 liae
738 2931 844 2983 tuerint
859 2929 927 2980 ittae
942 2930 1127 2995 menbranae,
1143 2928 1208 2980 tode
1226 2928 1289 2980 erui
1306 2942 1363 2980 ron
1381 2930 1483 2993 possit.

734 3018 768 3082 1)
784 3013 920 3077 cnspar
937 3015 1100 3066 barthius
1117 3015 1145 3065 io
1163 3015 1469 3066 Adversariornm
1487 3015 1552 3068 iibri
1569 3016 1714 3068 XXXVII.
1732 3016 1827 3081 capite
1845 3018 1887 3070 it.

665 3103 773 3172 „apud
790 3099 993 3152 Rauracos“
1014 3100 1054 3151 nit
1079 3112 1113 3151 sc
1134 3101 1292 3151 corialinse
1313 3102 1385 3151 duos
1402 3101 1492 3153 libros
1509 3116 1592 3154 nnanu
1609 3105 1743 3166 scriptos.
1778 3104 1819 3155 De
1835 3104 1889 3157 iis·

665 3193 727 3242 desn
744 3187 811 3240 ibid.
828 3199 854 3239 c.
872 3185 929 3238 iz:
956 3185 1113 3254 „Macrobii
1119 3222 1128 3253 ‚
1147 3185 1237 3251 insuit
1254 3186 1522 3240 commentariorum
1538 3188 1567 3240 in
1586 3190 1727 3241 somnium
1744 3189 1887 3254 scipionis

664 3290 701 3328 ex
717 3279 801 3326 sexto
821 3273 856 3323 de
872 3284 905 3322 re
922 3272 1033 3334 pubiico
1049 3271 1199 3324 Ciceronis
1216 3277 1363 3336 superstes
1382 3275 1468 3324 duos
1486 3276 1632 3327 codices
1651 3286 1747 3325 nanu
1765 3288 1888 3326 exara·

665 3369 720 3413 tce
739 3357 919 3411 contutimus.
953 3357 985 3406 in
1002 3357 1094 3409 altero
1112 3358 1211 3409 titulus
1225 3363 1284 3409 est:
1306 3358 1471 3410 Macrobii
1496 3358 1672 3409 Tbeodssii
1692 3357 1746 3407 oiri
1763 3359 1885 3409 ementa-

663 3448 703 3499 ris
730 3453 756 3497 et
785 3441 899 3495 ittsstris
925 3442 1237 3494 Commentariorum
1265 3444 1390 3495 tertiae
1414 3444 1482 3495 disi
1507 3442 1777 3495 Saturnotioram
1803 3443 1887 3496 tiber

662 3532 791 3600 primos
812 3526 908 3593 incipit
1005 3527 1038 3578 ls
1058 3527 1175 3580 nitere
1198 3527 1337 3579 codicis
1356 3529 1489 3582 vetusti
1506 3527 1634 3592 pagina
1649 3529 1720 3579 baec
1737 3531 1823 3581 verba
1839 3543 1888 3584 re·

664 3617 829 3682 pariuntur:
868 3612 981 3663 Titulus
1009 3613 1076 3663 tatis
1103 3618 1164 3664 est:
1205 3614 1369 3667 Macrobii
1397 3614 1565 3667 Ambrosii
1600 3612 1828 3668 Oriniocensis
1857 3616 1887 3669 in

666 3701 804 3752 Somnium
833 3697 967 3765 Scipionis
993 3698 1208 3749 commentorium
1236 3699 1338 3766 incipit.
1435 3701 1465 3750 io
1492 3701 1584 3750 attero
1609 3699 1725 3751 oudinet
1756 3701 1887 3753 Macrobii

663 3786 797 3839 Ambrosii
816 3783 958 3835 'ibcodcoii
974 3783 1027 3835 oiri
1043 3782 1112 3835 ctori
1129 3790 1154 3835 et
1170 3783 1283 3835 illustris
1301 3786 1494 3839 Commentario
1509 3801 1541 3836 cs
1562 3784 1684 3837 Cicerone
1700 3785 1729 3836 in
1748 3785 1885 3838 Somnium
1912 3768 1919 3779 ⁴

665 3870 798 3938 Scipionis
816 3868 975 3934 incipiant-‘⁶
1009 3869 1213 3933 Portarum,
1245 3870 1337 3933 quiin
1355 3873 1472 3923 atteram
1490 3884 1567 3921 suam
1588 3870 1737 3927 editionem
1756 3872 1825 3923 baec
1843 3873 1885 3923 tta

661 3957 826 4020 mortalit,
852 3958 884 4005 ut
901 3958 959 4004 tres
977 3953 1118 4004 ttartbium
1132 3955 1263 4005 babuisse
1283 3958 1415 4007 statuerit
1431 3957 1547 4007 codices
1564 3970 1645 4022 mss,
1665 3957 1800 4007 refutavit
1816 3958 1883 4008 lac.

662 4041 872 4100 Gronovius
895 4040 923 4089 io
943 4040 1125 4091 adnotatione
1147 4042 1182 4091 ad
1201 4040 1353 4092 comment.
1373 4042 1398 4104 1,
1416 4043 1448 4108 1,
1465 4042 1489 4093 1.
1525 4041 1604 4100 Quae
1622 4055 1658 4090 ex
1675 4041 1719 4090 bis
1737 4042 1883 4093 codicibus

660 4127 690 4178 11
707 4140 750 4177 cc.
769 4132 798 4176 et
813 4126 861 4176 lib.
879 4127 1014 4191 XXXIX,
1033 4139 1059 4177 c.
1075 4124 1118 4175 12.
1133 4127 1250 4189 protulit
1268 4126 1550 4191 c.1tsrtbins,ea
1566 4125 1708 4186 pertinent
1726 4129 1830 4175 tanturn
1848 4126 1882 4175 ad

733 4282 758 4344 ¹)
779 4281 880 4333 Vetus
897 4282 1012 4345 codex,
1029 4298 1110 4349 quem
1127 4282 1157 4335 in
1173 4282 1234 4336 suis
1249 4280 1478 4335 adnotationibus
1493 4283 1692 4331 commemorat
1708 4279 1753 4331 Io.
1770 4279 1882 4332 Mens·-

661 4348 748 4411 sius,
766 4365 818 4400 non
837 4355 881 4419 est
898 4365 982 4401 manu
1001 4350 1135 4416 scriptus.
1171 4351 1240 4404 Nam
1260 4351 1322 4417 ipso
1339 4348 1386 4408 (ad
1404 4348 1462 4399 Sat.
1481 4348 1505 4410 i,
1526 4350 1566 4409 15,
1585 4350 1654 4410 11.)ι
1685 4348 1810 4411 „Vetus
1828 4365 1883 4400 co-

660 4418 727 4468 dex
746 4432 840 4467 meos
861 4415 1882 4478 ιιιιιιιιιηοΜυΧΧι.111111111ιίιῆοιίιοιιιειιιοιιοιιι-

659 4501 724 4537 rnm
741 4484 856 4535 libetis:
874 4484 936 4549 „Nc
954 4485 995 4535 nis
1014 4487 1135 4551 nescius,
1152 4485 1324 4537 editionibus
1343 4501 1410 4535 usus
1429 4501 1489 4534 som
1504 4482 1588 4548 binis,
1606 4498 1662 4535 uno
1679 4484 1784 4535 recenti
1795 4484 1882 4537 Reor.

658 4551 799 4618 Stephani
816 4551 883 4604 anni
902 4552 1098 4618 MDLXXXV„
1113 4555 1206 4605 attera
1221 4559 1360 4606 vetusta
1376 4550 1588 4602 Bononiensi
1606 4552 1687 4602 anni
1707 4551 1801 4613 biiii„
1817 4570 1881 4604 cum

658 4637 714 4687 qua
727 4620 803 4672 hanc
820 4621 1005 4686 posteriorem
1020 4621 1157 4673 contoii.“
1175 4622 1230 4673 Aut
1247 4636 1392 4673 numerum
1411 4618 1756 4671 rotinicummauri
1774 4626 1882 4671 utrum-

677 4705 712 4739 ue
737 4688 843 4740 falsum
868 4704 931 4740 esse
954 4693 1088 4753 apparet,
1118 4687 1175 4740 nisi
1200 4689 1273 4741 iortn
1297 4686 1375 4740 urbis
1398 4703 1497 4739 nornen
1521 4693 1680 4752 corruptum
1699 4692 1751 4738 est.
1786 4687 1881 4740 Editio

657 4706 846 4808 hanoniensis
864 4756 930 4807 noni
948 4755 1026 4806 MDI.
1044 4762 1279 4809 commemoretur
1296 4771 1313 4808 n
1328 4755 1450 4806 Fonccio
1469 4754 1488 4805 Ι.
1506 4771 1529 4807 c.
1551 4754 1564 4820 §
1584 4753 1712 4805 xxxiii.
1732 4759 1760 4805 et
1778 4753 1806 4809 in
1826 4754 1881 4807 Fa-

656 4824 742 4875 bricii
757 4823 835 4875 nint.
853 4822 915 4875 bat.
935 4829 1000 4874 tons.
1020 4823 1071 4874 iii.
1090 4841 1117 4889 p.
1139 4826 1194 4875 ine.
1213 4832 1241 4877 et
1255 4824 1290 4875 oh
1309 4823 1464 4875 editoribus
1483 4821 1643 4890 Bipontinis
1663 4839 1688 4887 p.
1706 4837 1778 4883 viro,
1797 4824 1847 4873 sed
1864 4839 1880 4872 e

656 4891 778 4943 bieursii
800 4892 992 4944 antummodo
1016 4892 1199 4954 auctoritate,
1229 4897 1260 4943 ut
1278 4891 1398 4943 ridetur.
1431 4890 1519 4942 Nemo
1543 4898 1620 4941 certe
1639 4888 1724 4940 huius
1746 4889 1880 4941 editionis

656 4960 766 5025 proiert
790 4958 915 5010 titutum.
948 4958 1071 5010 Ebertus
1094 4963 1121 5010 et
1143 4959 1343 5026 Schweigerus
1367 4958 1386 5010 1.
1408 4975 1431 5008 c.
1453 4975 1514 5010 enm
1538 4957 1684 5025 ignorent,
1712 4973 1801 5023 neque
1825 4972 1879 5023 ego

656 5041 717 5078 cnm
735 5026 833 5079 inveni
851 5025 879 5076 io
898 5026 959 5077 uita
977 5025 1160 5079 bibliotheca.
1195 5026 1226 5078 Si
1243 5024 1444 5077 Bririensis
1462 5026 1612 5091 111.,qucc
1631 5024 1734 5091 prodiit
1749 5040 1774 5075 a.
1791 5024 1878 5085 Mlti,

618 5153 621 5159 ¹
656 5099 687 5146 ut
706 5096 780 5148 dunc
797 5093 909 5161 priores
926 5092 1065 5147 editiones
1080 5093 1243 5147 Bririenses
1260 5100 1359 5146 eurota
1377 5099 1453 5145 essct
1474 5108 1492 5144 a
1513 5092 1647 5143 {tonino
1665 5092 1704 5142 de
1720 5090 1878 5154 Busiris,

656 5161 730 5215 benc
753 5161 973 5229 intelligendum
993 5178 1057 5213 esse
1078 5170 1213 5229 putorem.
1248 5161 1328 5213 Nunc
1346 5162 1452 5213 haereo
1471 5160 1587 5224 dubius,
1608 5157 1738 5225 quoniam
1758 5157 1785 5207 is
1804 5158 1878 5207 hnoc

656 5229 819 5283 remisridi
834 5234 895 5282 torn
911 5228 1032 5293 demoni,
1050 5245 1114 5280 cnm
1131 5229 1187 5282 iam
1202 5229 1381 5282 reddideram
1398 5226 1536 5282 editiones
1550 5233 1662 5279 veteres
1680 5240 1752 5289 quse
1770 5240 1786 5273 e
1801 5239 1878 5273 com-

655 5298 786 5363 pluribus
802 5295 989 5351 bibliothecis
1005 5295 1078 5349 mihi
1094 5297 1208 5351 fucrant
1224 5296 1339 5351 missae.
