5092 6425
763 925 900 994 coum.
922 879 966 993 m
986 921 1113 992 sonu.
1134 923 1232 992 scre.
1275 924 1350 991 ua.
1369 929 1392 991 1.
1436 928 1525 995 osa.
1547 932 1630 999 xrv.
1737 935 1776 1002 ar

606 1098 791 1181 degenerat:
815 1095 908 1160 hahet
928 1115 1001 1180 ergo
1024 1101 1055 1158 et
1073 1095 1268 1179 purissimam
1290 1118 1328 1161 ex
1352 1103 1463 1174 mente,
1486 1099 1524 1163 de
1547 1121 1606 1185 qua
1630 1109 1831 1183 estnata,[701

607 1183 776 1257 rationem,
810 1180 894 1266 quod
914 1176 1048 1262 λογικὸν
1072 1189 1213 1255 vocatur,
1248 1189 1337 1245 etex
1360 1203 1414 1246 sua
1437 1191 1545 1248 natura
1564 1187 1674 1270 accipit
1695 1210 1782 1273 prae·

609 1268 702 1332 bandi
725 1287 834 1331 sensus
851 1264 1079 1350 praebendique
1100 1266 1280 1329 incrementi
1302 1267 1509 1345 seminarium,
1530 1291 1663 1355 quorum
1683 1295 1782 1339 unum

610 1346 805 1434 αἰσθητικὸν
834 1351 964 1415 aiterum
994 1346 1134 1434 φυτικὸν
1161 1359 1365 1434 nuncupatur.
1409 1352 1470 1417 Sed
1498 1375 1536 1418 ex
1565 1355 1612 1420 his
1638 1358 1783 1442 primum,

610 1439 641 1501 id
666 1445 714 1502 est
735 1433 885 1518 λογικὸν,
915 1435 997 1521 quod
1021 1435 1160 1498 innatum
1182 1435 1239 1498 sibi
1261 1457 1299 1499 ex
1322 1445 1424 1500 mente
1443 1439 1587 1524 sumpsit,
1613 1441 1693 1508 sicut
1712 1465 1784 1511 vere

612 1523 752 1588 divinum
773 1528 834 1597 est,
853 1521 895 1584 ita
917 1519 990 1584 soiis
1011 1519 1121 1584 divinis
1145 1527 1265 1604 aptum:
1303 1520 1421 1606 reliqua
1442 1521 1520 1600 duo,
1540 1522 1733 1609 αἰσθητικὸν
1753 1538 1785 1594 ct

613 1603 770 1692 φυτικὸν,
805 1612 842 1670 ut
867 1626 884 1670 a
913 1604 1024 1670 divinis
1048 1604 1210 1680 recedunt,
1244 1605 1286 1669 ita
1316 1607 1530 1672 convenientia
1553 1621 1627 1675 sunt
1654 1612 1784 1679 caducis.

613 1694 726 1758 Anima
748 1711 822 1776 ergo
843 1711 950 1754 creans
970 1689 1028 1754 sihi
1050 1689 1248 1774 condensque
1271 1711 1400 1775 corpora
1421 1699 1508 1770 (nam
1530 1693 1600 1759 idco
1623 1697 1661 1761 ah
1682 1699 1783 1764 anima
1814 1698 1835 1766 8

614 1787 725 1843 natura
751 1775 860 1860 incipit
882 1795 974 1860 quam
997 1773 1150 1858 sapientes
1171 1774 1209 1839 de
1237 1775 1296 1839 deo
1320 1784 1352 1840 et
1376 1785 1480 1842 mente
1502 1781 1585 1843 νοῦν
1607 1783 1783 1861 nominant)

614 1886 654 1928 ox
675 1862 729 1926 iilo
751 1881 837 1925 mero
857 1880 892 1924 ac
913 1859 1080 1944 purissimo
1101 1858 1186 1922 fonte
1203 1860 1335 1937 mentis,
1374 1883 1467 1946 quem
1490 1865 1643 1930 nascendo
1665 1867 1703 1932 da
1724 1868 1786 1933 ori·

615 1947 697 2032 ginis
720 1967 792 2010 suae
814 1944 957 2009 hauserat
980 1943 1082 2029 copia,
1120 1965 1248 2028 corpora
1272 1945 1323 2009 iffa
1346 1945 1448 2011 diviua
1472 1948 1518 2013 vei
1545 1971 1670 2036 supera,
1709 1952 1786 2017 caeli

616 2035 686 2097 dico
705 2040 736 2095 ot
756 2030 899 2106 siderum,
919 2049 999 2114 quae
1020 2028 1117 2113 prima
1137 2030 1298 2106 condebat,
1315 2031 1475 2096 animavit:
1498 2032 1681 2134 divinaeque
1701 2059 1788 2103 men·
1811 2042 1818 2111 Ῑ

619 2126 667 2182 tes
699 2116 844 2180 omnibus
879 2113 1061 2200 corporibus
1097 2134 1176 2197 quae
1211 2115 1242 2178 in
1277 2114 1406 2179 formam
1442 2123 1586 2196 teretem,
1625 2121 1657 2184 rd
1682 2130 1730 2187 est
1756 2123 1789 2186 in
1860 2122 1864 2127 ’

617 2202 766 2288 sphaerae
790 2200 930 2276 modum,
965 2198 1178 2263 formabantur
1209 2198 1327 2263 infusae
1355 2207 1442 2264 sunt:
1481 2209 1513 2266 et
1539 2202 1597 2267 hoc
1622 2213 1669 2269 est
1695 2205 1789 2291 quod,

618 2309 692 2351 cum
718 2286 756 2349 de
784 2284 881 2348 stellis
908 2284 1102 2368 loqueretur,
1134 2283 1192 2347 ait:
1233 2305 1308 2370 qnae
1328 2284 1440 2349 deocisis
1467 2288 1617 2353 animane
1635 2292 1788 2355 mentibus.

619 2375 657 2436 ln
686 2369 830 2434 inferiora
857 2388 930 2434 vero
957 2388 991 2431 ac
1023 2375 1146 2432 terrena
1177 2367 1367 2451 degenerans
1399 2369 1593 2454 fragilitatem
1624 2395 1789 2459 corporum
1819 2373 1839 2438 9

620 2456 806 2522 caducorum
829 2452 1032 2537 deprehendit
1058 2473 1173 2517 maram
1196 2453 1387 2519 divinitatem
1410 2455 1522 2521 mentis
1551 2459 1702 2525 sustinere
1726 2482 1790 2525 non

621 2562 721 2626 posse,
744 2540 838 2603 immo
859 2546 977 2624 partem
1000 2538 1066 2603 eius
1086 2538 1135 2603 vix
1159 2539 1232 2602 solis
1252 2538 1395 2604 humanis
1417 2542 1598 2625 corporibus
1616 2546 1790 2622 convenire,

621 2627 693 2712 quia
715 2633 746 2689 ct
768 2625 832 2688 sota
854 2624 998 2689 videntur
1020 2631 1136 2698 erecta,
1175 2630 1334 2709 tamquam
1361 2646 1440 2710 quac
1462 2626 1500 2689 ad
1527 2649 1637 2713 supera
1659 2629 1698 2694 ah
1722 2631 1791 2694 imis

622 2711 775 2786 recedant,
794 2716 826 2773 et
846 2709 911 2773 sota
931 2708 1049 2772 caelum
1070 2707 1156 2772 facile
1173 2716 1330 2794 tamquam
1352 2731 1474 2795 semper
1493 2720 1593 2778 erecta
1611 2735 1663 2779 sus
1687 2715 1792 2793 iciunt,

622 2797 758 2881 solisque
785 2795 866 2858 inest
891 2793 938 2860 vel
969 2793 1001 2856 in
1027 2793 1126 2879 capite
1149 2793 1297 2879 sphaerae
1320 2795 1501 2873 similitudo,
1542 2819 1635 2884 quarn
1662 2736 1792 2865 hamam

622 2882 756 2946 diximus
776 2880 874 2944 solam
897 2877 1009 2942 mentis
1032 2898 1183 2963 capacem.
1236 2879 1301 2944 Sofi
1322 2901 1395 2964 crgo
1419 2880 1537 2946 homini
1560 2885 1727 2961 rationem,
1762 2885 1793 2950 id
1804 2880 1844 2946 lo

623 2972 672 3031 est
692 2967 753 3031 vim
775 2964 903 3039 mentis,
925 2962 1051 3038 infudit,
1074 2963 1123 3028 cui
1146 2963 1234 3028 sedes
1257 2965 1288 3028 in
1310 2966 1407 3050 capite
1430 2974 1492 3031 est:
1514 2967 1568 3032 sed
1589 2977 1621 3033 et
1639 2971 1794 3054 geminam

625 3053 708 3116 iilam
731 3048 883 3114 sentiendi
906 3047 1125 3132 crescendique
1150 3058 1306 3126 naturam,
1338 3050 1409 3134 quia
1433 3051 1582 3116 caducum
1603 3062 1651 3118 est
1672 3075 1794 3140 corpus,

626 3136 767 3200 inscruit.
810 3134 853 3198 Et
875 3131 947 3196 hinc
974 3140 1021 3197 est
1045 3133 1127 3218 quod
1150 3132 1242 3198 homo
1265 3142 1297 3198 et
1316 3134 1444 3198 rationis
1463 3156 1589 3222 compos
1610 3145 1658 3202 est
1677 3146 1708 3203 et
1727 3133 1843 3204 sen-ll

624 3223 664 3287 tit
683 3230 714 3285 et
735 3219 853 3296 crescit,
872 3219 999 3303 solaque
1018 3218 1137 3284 ratione
1158 3220 1272 3285 meruit
1292 3227 1446 3304 praestare
1463 3222 1573 3287 ceteris
1596 3222 1846 3297 animaiihuszlrrl

626 3326 708 3392 quae
729 3305 801 3390 quia
822 3324 944 3389 semper
960 3324 1057 3390 prona
1079 3311 1153 3369 sunt
1178 3312 1210 3369 et
1237 3325 1276 3369 ex
1304 3304 1369 3390 ipsa
1389 3325 1514 3391 quoque
1535 3306 1718 3392 suspiciendi
1739 3306 1796 3371 dif-

1426 3524 1510 3586 [Edd.
1530 3523 1731 3593 vicahgapdzh.

628 3623 755 3675 corporea
783 3606 828 3673 (ut
854 3608 926 3661 duaa
953 3609 1011 3662 aiut
1039 3608 1136 3675 voces)
1163 3608 1238 3660 ha-a.
1266 3635 1298 3644 -
1327 3615 1394 3660 nata
1416 3617 1455 3663 est
1484 3609 1535 3660 Rl.
1562 3638 1595 3649 —-
1622 3628 1653 3663 ea
1675 3629 1726 3664 saa
1747 3630 1800 3664 na·

628 3685 692 3728 tara
709 3678 776 3738 (orn.
797 3676 835 3741 et)
857 3692 900 3728 va.
917 3706 949 3715 ·-
972 3678 1114 3730 catheticon
1130 3694 1212 3727 annm
1235 3676 1285 3726 aa.
1311 3704 1337 3713 -
1362 3678 1475 3729 aiteram
1497 3673 1614 3745 φυτικὸν
1634 3696 1687 3731 om.
1712 3681 1742 3731 Ρ.
1766 3706 1799 3718 -

629 3745 734 3809 reliqua
760 3746 908 3795 cerodae
934 3745 985 3795 ΕΙ.
1008 3773 1044 3784 -
1065 3745 1253 3796 convenienda
1277 3742 1306 3792 h·
1468 3749 1494 3795 8.
1533 3761 1624 3799 creans
1646 3754 1715 3809 (om.
1736 3749 1800 3808 sihi]

630 3812 710 3862 s-hl'.
745 3809 844 3875 „Libri
862 3828 959 3863 omncs
975 3829 1067 3863 means
1083 3813 1161 3863 siti.“
1179 3812 1265 3861 Gran.
1284 3837 1317 3848 —
1336 3811 1449 3862 condens
1462 3829 1571 3879 corpora
1593 3832 1735 3884 creansque
1751 3816 1803 3867 sihi

630 3880 682 3930 Rr.
705 3906 731 3915 —
753 3879 800 3929 ilio
819 3884 888 3938 (om.
906 3884 991 3940 merc)
1010 3879 1080 3930 Bun.
1102 3906 1134 3917 -
1152 3879 1286 3929 condidit
1303 3877 1373 3928 Brea.
1391 3905 1423 3917 -
1445 3882 1564 3932 omnihus
1582 3887 1731 3950 corporibus
1748 3901 1802 3936 om.

630 3947 704 3996 Bsn·
723 3972 756 3983 ·-
778 3963 871 4013 sperae
888 3948 917 3997 in
933 3948 1040 3998 modam
1058 3946 1089 3996 F.
1113 3974 1139 3982 -
1158 3947 1326 4010 formantur
1345 3946 1443 3997 Baras.
1463 3975 1496 3985 —
1523 3952 1674 4002 omnihus
1691 3968 1803 4018 corpo-

630 4014 722 4064 rihns
740 4014 847 4077 infnsae
873 4014 945 4063 Bria.
1115 4016 1140 4062 9.
1177 4013 1310 4077 inferiora
1329 4018 1397 4072 (orn.
1416 4014 1458 4073 in)
1478 4014 1511 4065 G.
1534 4042 1568 4052 -
1590 4018 1755 4084 degenerans
1773 4034 1804 4067 ac

631 4090 736 4133 terrena
757 4080 789 4130 F.
810 4107 843 4119 -
865 4082 1032 4131 diuinitatem
1049 4080 1176 4130 sustinere
1190 4082 1284 4131 mentis
1302 4080 1354 4130 R2.
1377 4109 1410 4119 —
1432 4088 1567 4146 tamqnam
1586 4084 1654 4145 (om.
1680 4084 1762 4148 qaae)
1780 4081 1804 4132 P

632 4148 755 4198 BurnPd.
780 4174 810 4183 -
831 4164 955 4214 superna
972 4147 1000 4196 h.
1018 4174 1051 4184 —
1063 4148 1151 4212 facile
1168 4148 1269 4198 caelum
1286 4146 1318 4196 F.
1354 4148 1456 4198 caelum
1470 4149 1557 4210 facie
1574 4147 1643 4198 Bas.
1661 4148 1698 4208 (h
1714 4165 1730 4199 a
1748 4166 1805 4199 sce.

633 4220 685 4272 m.)
708 4241 732 4249 -
757 4214 883 4279 diximus]
907 4213 950 4264 Cf.
968 4232 992 4263 c.
1011 4218 1057 4278 12,
1076 4215 1089 4279 §
1105 4217 1129 4264 5.
1162 4216 1165 4219 ’
1286 4217 1326 4264 10.
1365 4216 1422 4265 Soti
1439 4214 1551 4279 igitar
1566 4213 1658 4278 cth.
1681 4244 1708 4252 -
1731 4232 1805 4265 rnen-

632 4284 668 4335 tis
686 4281 739 4330 cim
758 4279 808 4328 Ra.
826 4306 857 4318 -
877 4282 1007 4332 crescendi
1023 4281 1203 4347 sentiendique
1220 4295 1281 4348 v-g.
1436 4282 1480 4342 li,
1511 4280 1624 4331 rationis
1640 4298 1747 4348 capax
1764 4282 1807 4332 ΒΞ

633 4348 684 4409 (ch
705 4348 733 4397 in
752 4354 834 4411 mg).
856 4373 889 4384 —
910 4362 995 4413 prona
1015 4356 1075 4400 sant
1093 4364 1193 4414 semper
1215 4347 1266 4397 Rr.
1290 4372 1323 4383 -
1345 4362 1377 4397 ea
1394 4347 1454 4412 ipsa
1470 4364 1600 4414 quaeqae
1621 4350 1691 4418 ugit
1714 4349 1806 4414 „quod

634 4433 689 4468 uon
706 4413 832 4465 alionum
848 4418 875 4465 ct
890 4416 926 4466 ah
943 4430 994 4466 usu
1009 4415 1147 4468 Macrobii
1163 4415 1320 4467 abhorreas
1340 4418 1382 4464 cst
1398 4412 1644 4468 existimandum.“
1666 4417 1751 4469 Zeuu.
1775 4445 1808 4455 -

671 4632 743 4700 quod
760 4626 870 4697 toparcha
888 4631 1079 4698 erectaerecta]
1110 4631 1152 4683 Cf.
1176 4631 1201 4697 1,
1249 4629 1398 4699 principia,
1423 4630 1492 4696 qnod
1509 4639 1547 4683 est
1563 4635 1680 4699 cociam,
1703 4636 1811 4689 tandem

638 4704 682 4764 la,
695 4702 737 4750 14.
774 4694 941 4764 αἰσθητικὸν
957 4694 1110 4766 etpounhv
1124 4716 1201 4751 cour-
1313 4713 1429 4749 remeare
1446 4697 1608 4761 (animam).

637 4766 1200 4832 memoramureriaminrra1‚19,2a.
1287 4769 1311 4814 9.
1349 4782 1417 4831 puae
1439 4766 1475 4815 ad
1493 4770 1640 4833 superant
1662 4769 1722 4821 imis
1740 4786 1811 4821 rece-

1253 4831 1330 4895 dant]
1355 4830 1396 4881 Cf.
1410 4830 1468 4882 Cic.
1486 4836 1520 4884 da
1539 4838 1570 4884 Ν.
1584 4836 1615 4886 D.
1628 4837 1671 4898 11,
1686 4841 1734 4899 56,
1754 4840 1812 4888 140.

1256 4900 1325 4950 Sunt
1346 4899 1416 4949 enirn
1437 4908 1539 4952 eterra
1559 4903 1687 4967 homines,
1712 4923 1764 4955 non
1784 4911 1813 4955 ut

1144 4935 1203 4986 “m
1253 4967 1356 5018 incolae
1370 4974 1449 5033 atpae
1466 4967 1636 5035 habitatores,
1652 4972 1698 5023 sed
1718 4971 1814 5038 quasi

1254 5040 1460 5100 spectatores
1488 5053 1681 5104 superarum
1708 5049 1814 5090 reram

1255 5108 1355 5167 atque
1373 5103 1584 5168 coelestiam,
1621 5123 1733 5172 quaram
1753 5121 1814 5170 spe-

672 4870 698 4916 8.
733 4867 766 4916 ab
784 4865 877 4916 animo
894 4855 999 4924 naama
1011 4866 1105 4934 incipit
1121 4884 1202 4985 guara

707 4933 773 4984 νοῦν
796 4934 946 4999 nominant]
974 4926 1016 4986 Cf.
1040 4934 1054 5000 ᾗ
1078 4938 1103 4983 7.

640 5018 706 5069 ergo
715 4999 837 5064 (anima)
849 5008 873 5053 et
884 5002 1056 5068 parissimam
1068 5017 1100 5051 es
1110 5009 1204 5064 mente,

641 5070 673 5119 de
689 5085 742 5133 qna
758 5074 797 5117 est
814 5074 895 5130 nata,
911 5070 1055 5130 rationem,
1072 5068 1142 5135 paud
1160 5068 1205 5119 io·

640 5133 718 5202 panda
736 5142 858 5195 vocatur,
878 5151 960 5200 quam
980 5134 1118 5187 rationem
1137 5134 1206 5186 dicit
1256 5168 1389 5219 elocatum
1417 5171 1453 5220 ag
1485 5172 1589 5224 „upum
1621 5174 1697 5224 apud
1729 5188 1815 5239 genus

642 5200 1207 5334 dtt'l't't?hf‘ttttt‘nfitt
1247 5234 1571 5371 ggpgfgpps‘pr·
1607 5239 1676 5326 cm
1692 5237 1818 5304 ‘aaa

1653 5392 1682 5455 h
