5092 6425
876 899 1139 970 EXCERPTUM
1158 901 1616 973 numennumen.
1671 968 1674 973 .
1765 907 1831 975 225

1000 1154 1207 1224 secessu
1240 1155 1483 1225 sucronss

719 1325 1102 1415 EXCERPTUM
1137 1327 1666 1417 MATHEMATIGUM
1699 1330 1765 1418 Π.

1167 1513 1320 1522 ——---

727 1610 855 1675 Quamvis
873 1610 1004 1662 Ambrosii
1025 1610 1167 1663 Theodosii
1187 1611 1346 1664 auctoritate
1366 1610 1484 1663 uniuersi
1501 1613 1571 1665 orbis
1593 1615 1708 1668 ambitus
1723 1616 1861 1672 norati-1

656 1695 690 1746 lis
712 1695 854 1757 habeatur,
889 1703 977 1747 tamen
999 1697 1063 1764 quia
1084 1696 1117 1747 ab
1138 1696 1185 1748 illa
1202 1696 1370 1748 auctoritatis
1391 1697 1461 1748 ratio
1479 1697 1557 1764 quasi
1578 1702 1767 1766 praetermissa
1783 1708 1830 1766 est,

654 1781 802 1832 uolentibus
826 1779 892 1830 scire
913 1789 1087 1847 proponatur.
1127 1781 1203 1846 Quod
1224 1782 1292 1832 enim
1311 1797 1328 1831 a
1345 1781 1477 1832 modernis
1501 1781 1661 1849 impossibiie
1684 1785 1831 1850 iudicatur,

656 1864 685 1914 id
701 1881 719 1914 a
735 1863 865 1914 ueteribus
885 1864 1018 1931 sapientia
1036 1865 1100 1916 duce
1113 1865 1277 1931 facillimum
1296 1867 1462 1933 affirmatur,
1486 1873 1511 1918 et
1530 1867 1600 1934 quod
1616 1869 1731 1936 corporis
1746 1870 1831 1920 sensi-

656 1947 703 1998 bus
720 1947 851 2016 indagari
868 1965 919 1998 aon
936 1965 1012 2015 posse
1029 1950 1145 2013 uidetur,
1163 1949 1193 2000 id
1210 1951 1324 2002 rationis
1341 1950 1461 2001 acumine
1477 1951 1534 2002 luce
1552 1951 1651 2003 clarius
1668 1951 1831 2021 indagatum

656 2031 775 2084 habetur.
813 2032 922 2100 Sumpta
940 2032 1080 2102 horoscopo
1096 2035 1143 2086 sub
1159 2034 1282 2086 stellatae
1299 2034 1384 2086 noctis
1401 2034 1570 2097 claritudine,
1588 2037 1754 2104 inspectoque
1769 2038 1865 2104 poloss

656 2133 714 2167 cum
732 2124 843 2184 utroque
860 2117 1006 2169 mediclinii
1017 2118 1152 2184 foramine
1166 2125 1311 2186 notatoque
1328 2118 1480 2187 graduum,
1501 2119 1530 2171 in
1548 2120 1641 2188 quibus
1658 2121 1729 2171 stetit
1745 2120 1832 2171 medi-

656 2201 777 2265 clinium,
804 2202 987 2264 multitudine,
1014 2205 1149 2270 profectus
1167 2208 1205 2254 est
1222 2202 1386 2254 cosmimetra
1407 2217 1456 2268 per
1478 2202 1605 2254 directam
1625 2203 1723 2256 lineam
1739 2211 1831 2257 contra

656 2285 857 2353 septentrionem
873 2303 891 2337 n
907 2286 1024 2350 meridie,
1043 2286 1147 2337 tamdiu
1162 2286 1242 2338 donec
1260 2286 1290 2337 in
1309 2285 1421 2338 alterius
1438 2286 1523 2337 nectis
1540 2287 1699 2340 claritudine
1715 2289 1781 2355 oiso,
1801 2295 1833 2342 ut

653 2370 744 2438 prius,
765 2370 828 2438 polo
845 2389 903 2422 curn
918 2378 1028 2437 utroque
1046 2369 1192 2421 mediclinii
1203 2371 1341 2436 foramine
1359 2370 1432 2422 stetit
1448 2370 1535 2438 ipsum
1551 2371 1730 2425 mediclinium
1749 2374 1832 2426 altius
1880 2374 1897 2401 ‘¹

655 2455 761 2524 gradus
777 2456 855 2506 unius
872 2455 1068 2507 numerositate.
1119 2454 1182 2506 Post
1199 2454 1264 2506 haec
1281 2455 1384 2506 ratione
1402 2455 1519 2507 dictante
1540 2471 1644 2508 mensus
1662 2465 1700 2511 est
1717 2457 1765 2509 hoc
1782 2458 1829 2511 iti·
1847 2461 1865 2510 ³

655 2540 726 2591 neris
749 2540 906 2608 spatiumst
927 2547 1022 2592 notata
1044 2538 1123 2592 huius
1145 2540 1295 2606 quantitate
1315 2555 1367 2590 occ
1386 2539 1477 2592 stadia
1498 2539 1554 2592 siae
1577 2555 1760 2594 exserens.
1778 2542 1831 2594 mi·

655 2623 737 2675 liario
759 2626 906 2691 affirmant.
960 2624 1061 2676 Deinde
1084 2624 1156 2676 datis
1179 2624 1320 2690 unicuique
1341 2638 1426 2674 eccur
1445 2624 1612 2693 astrolapsus
1633 2627 1770 2694 graduum
1792 2633 1832 2680 tat

655 2710 751 2761 stadiis
769 2710 823 2761 sioe
840 2708 977 2774 miliariis,
1007 2709 1129 2760 inuentus
1147 2715 1185 2760 est
1203 2709 1318 2760 ambitus
1335 2709 1432 2760 terreni
1450 2709 1528 2760 orbis.
1566 2708 1636 2761 Nasu
1654 2711 1832 2779 multiplicata

652 2811 702 2862 per
723 2795 792 2845 otios
812 2794 919 2864 gradus
940 2794 1020 2845 unius
1043 2793 1130 2861 spatio
1152 2800 1280 2860 quantum
1304 2811 1336 2845 es
1355 2792 1405 2844 hac
1426 2793 1579 2861 prouenitur
1602 2793 1831 2861 multiplicatione,

655 2885 759 2930 tantum
777 2880 905 2930 contineri
919 2879 1047 2946 probatur
1065 2879 1093 2929 in
1109 2878 1190 2930 totius
1208 2878 1302 2930 mundi
1323 2877 1484 2930 circuitione.
1537 2878 1725 2930 Eratosthenes
1740 2879 1865 2947 philo-4

656 2962 754 3028 sophus
771 2963 997 3030 geometricaeque
1013 2963 1204 3030 sagacissimus
1222 2963 1303 3015 totius
1321 2961 1391 3013 orbis
1411 2969 1498 3014 terrae
1516 2963 1653 3014 circuitum
1673 2979 1723 3031 per
1739 2963 1832 3015 imito-

655 3045 752 3097 tionem
770 3047 910 3112 gnomonis
928 3047 1079 3096 umbrarum
1097 3046 1126 3096 in
1150 3054 1223 3097 terra
1240 3047 1382 3098 secundum
1398 3054 1489 3111 partes
1506 3046 1611 3097 zodiaci
1627 3047 1765 3114 ingeniose
1783 3049 1831 3100 de·

653 3128 810 3198 prehensum
832 3129 934 3180 cccii
948 3129 1038 3180 stadia
1053 3129 1082 3179 s'd
1098 3136 1136 3181 est
1156 3129 1210 3179 XX
1213 3129 1251 3179 xl
1257 3147 1290 3179 .1s
1307 3129 1428 3180 miliaria
1439 3130 1576 3181 ⁴continere
1594 3130 1707 3195 diffinit,
1725 3132 1831 3183 unicui·

656 3231 707 3282 que
725 3228 808 3263 occur
822 3211 941 3281 portium
959 3212 987 3263 in
1007 3212 1116 3264 zodiaco
1133 3228 1182 3263 occ
1200 3212 1306 3275 stadia,
1342 3212 1428 3265 idest
1450 3229 1574 3265 uxxxrss
1597 3214 1716 3265 miliaria
1738 3222 1763 3267 et
1789 3232 1832 3267 se-

656 3298 759 3349 missem
778 3297 918 3363 deputans.
971 3297 1015 3347 Es
1033 3295 1074 3347 his
1091 3296 1167 3348 iusta
1186 3289 1310 3365 regulum
1332 3296 1426 3348 circuli
1442 3304 1467 3350 et
1486 3297 1609 3349 diametri
1630 3297 1866 3354 mossitudinemb

656 3399 702 3434 seu
720 3382 877 3432 diametrum
893 3387 979 3432 terrae
995 3380 1033 3431 sic
1050 3379 1264 3448 comprehendere
1274 3380 1382 3448 poteris.
1418 3382 1505 3447 Aufer
1521 3380 1671 3432 uicesimum
1690 3382 1832 3435 secundans

656 3468 690 3519 de
707 3466 817 3517 circuitu
834 3473 928 3528 terroe,
945 3465 974 3515 id
991 3470 1028 3515 est
1046 3463 1079 3515 de
1099 3463 1203 3515 CCLH
1216 3464 1312 3515 stodiis
1328 3463 1392 3516 tolle
1411 3465 1602 3516 XLccccusssr
1619 3472 1645 3517 et
1659 3466 1791 3518 semissem
1806 3475 1832 3520 et

655 3551 805 3604 vicesimam
825 3550 966 3601 secundam
982 3554 1087 3617 purtem
1103 3547 1183 3599 unius
1200 3547 1298 3611 stadii,
1316 3556 1342 3602 et
1358 3555 1496 3602 remanent
1517 3549 1566 3602 CC
1575 3548 1590 3579 *
1610 3566 1669 3601 cum
1687 3549 1794 3602 semisse
1806 3558 1833 3605 et

657 3654 710 3689 xrs
726 3636 847 3704 partibus
864 3633 946 3685 stadii
963 3633 1058 3685 unius:
1073 3631 1165 3683 horum
1178 3631 1258 3684 tertio
1273 3650 1349 3701 pars,
1366 3632 1396 3685 id
1413 3641 1452 3687 est
1469 3632 1704 3685 urrunnu
1716 3634 1793 3687 semis
1806 3642 1832 3689 et

656 3736 701 3772 rss
718 3720 857 3771 vicesimae
875 3718 1005 3770 secundae
1021 3716 1102 3769 unius
1120 3715 1216 3778 stadii,
1239 3717 1338 3769 terreni
1354 3718 1423 3770 orbis
1440 3718 1598 3772 diametrum
1612 3733 1659 3771 seu
1676 3718 1832 3785 spissitudi-

655 3822 714 3857 nem
739 3806 817 3856 s'usta
838 3802 1003 3869 praedictare
1029 3811 1117 3856 terrae
1144 3801 1324 3854 circuitionem
1348 3803 1483 3855 dubietate
1505 3802 1654 3871 postposita
1683 3804 1831 3857 enumebit.

659 3890 735 3955 Quod
756 3888 858 3955 liquido
876 3888 943 3941 satis
960 3895 1036 3941 caute
1057 3887 1214 3956 supputanti
1229 3894 1311 3954 patet
1350 3887 1477 3954 Quamuis
1496 3886 1647 3938 Macrobius
1664 3903 1743 3955 super
1760 3896 1866 3945 sons-6

656 3976 729 4026 nium
743 3973 875 4040 Scipionis
890 3973 959 4025 idem
975 3973 1133 4026 diametrum
1151 3970 1258 4033 LXXX
1271 3972 1420 4024 stadiorum
1435 3976 1539 4025 tantum
1553 3971 1596 4021 uel
1608 3988 1661 4023 non
1676 3974 1758 4025 multo
1770 3973 1833 4041 plus

658 4059 730 4109 dicut
748 4057 849 4109 habere.
886 4058 1009 4108 Ambitus
1026 4056 1123 4109 tesrcssi
1138 4055 1208 4107 orbis
1229 4054 1333 4107 CChii
1348 4056 1495 4107 stadiorum
1516 4055 1571 4106 siue
1590 4054 1724 4107 XXXI-o
1741 4057 1866 4113 milia-‘t

656 4142 699 4191 riu
712 4140 886 4192 Eratosthene
896 4141 1051 4208 philosopho
1060 4140 1189 4206 probatus
1205 4145 1321 4203 auctore,
1333 4139 1409 4190 cuius
1420 4138 1571 4189 vicesimam
1583 4145 1706 4205 quartam
1718 4147 1831 4213 possess,

656 4225 677 4278 s'·
689 4241 710 4276 e.
726 4224 751 4275 X
757 4242 789 4275 .o
803 4224 893 4275 stadio
905 4224 961 4274 siue
972 4239 1089 4274 saccom
1102 4223 1180 4274 semis
1193 4221 1314 4274 miliaria
1326 4222 1365 4273 sol
1379 4239 1433 4273 una
1445 4221 1607 4274 transcendit
1620 4220 1663 4273 uei
1676 4225 1833 4282 transcurrit
1916 4234 1918 4239 ·

690 4375 732 4438 ΙΙ,
761 4378 784 4425 1.
823 4376 949 4440 Quamuis
972 4374 1036 4441 stu]
1060 4371 1218 4426 Gronovius
1308 4371 1422 4441 cciii]
1451 4370 1471 4423 i.
1498 4388 1523 4424 e.
1551 4372 1671 4426 ducente
1697 4373 1833 4443 quiaque·

656 4444 727 4495 haec
747 4443 905 4508 praemisit:
925 4442 1049 4504 „Eodem
1069 4442 1218 4509 pertinent,
1270 4441 1351 4510 ginta
1370 4441 1424 4491 dan
1442 4440 1532 4492 miliu-
1568 4441 1636 4493 leat.
1656 4458 1738 4494 caess.

656 4511 850 4577 blacrobiique
892 4510 1061 4561 mentionem
1104 4512 1218 4569 habeat,
1303 4508 1376 4577 tolle]
1407 4508 1478 4560 ΕΜ.
1510 4510 1582 4562 toilo.
1626 4510 1662 4562 At
1689 4511 1832 4565 antecedit

656 4596 728 4647 quae
765 4597 798 4630 ex
840 4578 892 4630 Ms·
915 4580 1081 4646 “Anglicano
1117 4576 1219 4630 incerti
1270 4580 1358 4643 auser.

657 4647 781 4701 auctoris
804 4646 1007 4713 excerpsimus.
1309 4645 1356 4696 GC
1368 4681 1373 4693 .
1383 4678 1390 4693 .
1399 4643 1532 4711 partibus]
1544 4642 1621 4711 Lege
1637 4645 1733 4697 CCXL
1741 4682 1748 4697 .
1756 4663 1832 4700 asur

691 4732 833 4799 Ambrosii]
852 4729 895 4781 cf,
914 4728 1019 4781 comm,
1038 4728 1062 4794 1,
1080 4731 1124 4793 ρο,
1144 4730 1185 4779 13,
1270 4728 1328 4765 cuns
1345 4729 1365 4763 ι
1381 4713 1512 4763 oicesimis
1526 4713 1648 4764 secundis
1661 4715 1790 4780 pertibus.

655 4813 999 4950 Edeuoguepgmejmjpripsi
1016 4831 1032 4865 e
1050 4811 1219 4865 coniectare.
1304 4783 1330 4898 ξ.
1364 4778 1770 4916 ffizgligxlqfifflpqlffls
1788 4785 1834 4901 ἲ·

690 4973 716 5019 2·
753 4969 864 5037 summ
887 4965 1038 5033 aaronem
1067 4963 1109 5016 cf.
1134 4980 1220 5032 suna
1270 4931 1405 5049 iiiiii,
1422 4916 1655 5035 'iiiii‘ah‘
1668 4933 1834 5050 „tter

657 5035 679 5098 1,
699 5036 828 5103 ΜΨ·
1271 5051 1321 5102 sed
1344 5066 1409 5118 pers
1432 5066 1513 5115 mr,
1540 5052 1623 5120 idque
1648 5058 1739 5116 recte,
1767 5023 1831 5103 cassi

691 5121 717 5168 5.
753 5127 778 5171 et
796 5155 821 5171 ..
840 5115 1008 5184 diametrum]
1026 5116 1095 5167 Edd.
1116 5123 1141 5167 et
1159 5116 1220 5167 dia·
1270 5119 1342 5171 hose
1361 5118 1400 5169 sit
1419 5133 1534 5169 xxsvmn
1556 5136 1623 5186 pars
1642 5119 1709 5171 diei.

656 5186 734 5237 metri
770 5188 971 5239 crassitudinem
1010 5201 1056 5235 seu
1097 5184 1221 5238 diametri
1305 5188 1323 5238 i.
1342 5202 1363 5237 a.
1387 5185 1460 5251 Xm]
1484 5187 1555 5237 Edi.
1575 5189 1607 5238 in
1627 5188 1695 5237 ΧΑ).

657 5253 859 5306 crassitudinem
876 5270 921 5306 seu
939 5252 1106 5304 diametrum.
1305 5269 1421 5306 sscccrss
1448 5256 1526 5306 semis
1549 5252 1680 5320 miliario]
1709 5252 1779 5304 Edd.
1800 5254 1833 5306 in

692 5320 841 5375 vicesimam
859 5318 1010 5387 secundam]
1033 5319 1103 5372 Edd.
1120 5336 1195 5373 rxss.
1271 5335 1364 5374 cccrss
1381 5320 1459 5375 semis
1476 5322 1571 5375 millia.

1656 5407 1708 5469 xio
