5092 6425
704 894 747 965 78
1186 889 1396 959 Macaoafl

704 1064 829 1153 inpletis
848 1062 984 1131 numeris
1001 1082 1112 1147 corpus
1132 1060 1257 1127 fatiscit:
1277 1082 1335 1126 nec
1354 1059 1456 1124 anima
1476 1057 1605 1126 lassatur
1625 1060 1800 1140 animando,
1822 1063 1874 1128 scd

706 1152 842 1219 officium
861 1170 952 1217 suum
973 1148 1087 1213 deserit
1107 1168 1230 1233 corpus,
1248 1168 1320 1213 cum
1340 1147 1400 1211 iam
1419 1168 1482 1211 non
1501 1147 1598 1232 possit
1618 1148 1758 1213 animari.
1797 1150 1875 1216 Hinc

706 1238 784 1304 illud
807 1243 855 1302 est
881 1234 1047 1300 doctissimi
1070 1232 1163 1299 vatis:

788 1358 831 1370 -
853 1320 986 1406 Esplebo
1006 1341 1179 1394 nummum,
1207 1317 1375 1404 reddarque
1395 1317 1528 1382 terebris.

658 1406 972 1490 13Haeoestigitur
1000 1404 1147 1470 naturalis
1169 1424 1240 1470 vere
1267 1424 1364 1481 mors,
1403 1424 1473 1467 cum
1501 1403 1594 1467 sanem
1625 1404 1764 1489 corporis
1791 1405 1874 1471 solus

641 1540 646 1547 -
706 1512 907 1560 numerorum
930 1510 1056 1555 suorum
1077 1489 1213 1554 delectus
1235 1488 1393 1573 adportat,
1414 1509 1477 1553 non
1499 1509 1569 1553 cum
1588 1498 1792 1575 extorquetur
1814 1493 1875 1558 vita

705 1578 827 1662 corpori
853 1576 953 1642 adbuc
978 1575 1090 1641 idoneo
1117 1574 1154 1640 ad
1181 1574 1444 1640 continuationem
1471 1572 1599 1638 lerendi.
1641 1576 1708 1642 Nec
1729 1577 1806 1642 levis
1829 1585 1875 1643 est

657 1662 879 1730 lddifferentia
907 1661 1001 1726 vitam
1032 1661 1080 1727 vel
1106 1668 1216 1726 natura
1244 1660 1292 1726 vel
1319 1667 1429 1744 sponte
1451 1659 1599 1725 solvendi.
1646 1662 1760 1726 Anima
1783 1663 1874 1742 anim,

705 1771 776 1816 cum
797 1770 816 1814 a
837 1767 965 1833 corpore
987 1746 1153 1824 deseritur,
1193 1753 1294 1831 potest
1317 1745 1349 1809 in
1371 1766 1404 1810 se
1428 1744 1503 1809 nihil
1529 1748 1661 1812 retinere
1681 1769 1874 1833 corporeum,

705 1837 731 1901 si
750 1855 784 1900 sc
806 1855 897 1921 pura,
932 1853 1003 1899 cum
1025 1832 1057 1897 in
1077 1830 1135 1896 hac
1161 1831 1224 1898 vita
1244 1836 1340 1909 esset,
1373 1829 1521 1895 institnit:
1563 1853 1633 1897 cnm
1657 1854 1730 1899 vero
1751 1834 1816 1919 ipsa
1836 1835 1874 1900 de

652 1930 838 2006 [osteorpore
857 1917 1008 1986 uiolenter
1029 1917 1213 1995 extruditur,
1236 1917 1309 2002 quia
1329 1915 1394 1981 exit
1413 1923 1505 2001 rupto
1524 1916 1656 1994 vinculo,
1678 1940 1742 1984 non
1763 1921 1875 1999 soluto,

705 2007 740 2072 lit
764 2006 793 2071 ei
815 2005 880 2091 ipsa
902 2003 1068 2070 necessitas
1090 2003 1209 2068 occasio
1230 2001 1397 2088 passionis,
1431 2010 1463 2066 et
1482 2001 1585 2079 malis,
1620 2004 1776 2070 vinculum
1799 2006 1873 2072 dnm

655 2091 830 2178 adrumpit,
853 2089 997 2155 inlicitur.
1039 2090 1127 2155 llanc
1146 2109 1271 2175 quoque
1291 2086 1502 2172 superioribus
1523 2087 1615 2153 adicit
1637 2090 1785 2154 rationem
1810 2113 1875 2157 non

704 2185 815 2263 sponte
840 2175 998 2262 pereundi.
1051 2174 1131 2242 Cum
1155 2182 1289 2252 constet,
1315 2172 1431 2258 inquit,
1460 2174 1738 2240 remunerationem
1761 2177 1874 2242 animis

703 2263 766 2330 illic
784 2283 853 2329 esse
872 2260 1066 2328 tribuendam
1088 2281 1145 2346 pro
1166 2260 1258 2326 modo
1279 2257 1474 2345 perfectionis
1499 2258 1651 2344 adquam
1678 2261 1712 2325 in
1731 2260 1789 2327 hac
1813 2263 1874 2329 vita

702 2368 907 2497 unaquaeque
927 2345 1081 2432 parvenit:
1103 2368 1166 2413 non
1187 2353 1235 2412 est
1255 2343 1501 2431 praecipitandus
1521 2343 1602 2411 vitae
1625 2346 1709 2422 linis,
1731 2369 1801 2413 cam
1818 2349 1872 2414 ad·

654 2433 765 2503 ldhuc
785 2454 842 2520 pro
864 2432 964 2498 ciendi
983 2453 1050 2498 esso
1070 2431 1168 2518 possit
1187 2430 1330 2496 accessio.
1378 2431 1442 2498 Nec
1462 2429 1574 2495 frustra
1594 2430 1653 2496 hoc
1672 2432 1788 2498 dictum
1811 2443 1871 2500 est:

703 2539 775 2584 nam
797 2519 829 2582 in
851 2517 991 2582 archanis
1012 2517 1051 2582 de
1075 2516 1196 2581 animae
1223 2516 1327 2582 reditu
1349 2515 1608 2601 disputationibus
1634 2516 1732 2584 lertur
1758 2520 1790 2584 in
1816 2521 1872 2585 hac

702 2603 765 2669 rita
798 2602 1013 2687 delinquentes
1038 2601 1154 2666 similes
1180 2622 1248 2667 esse
1276 2621 1370 2686 super
1394 2601 1523 2686 aequale
1549 2602 1663 2669 solnm.
1682 2604 1871 2683 cadentibus,

703 2687 817 2774 quibus
838 2686 941 2752 denuo
966 2685 1032 2753 sine
1058 2685 1236 2752 difficultate
1264 2693 1387 2772 praesto
1412 2686 1452 2751 sit
1476 2707 1617 2772 surgere:
1654 2690 1771 2755 animas
1798 2712 1871 2757 vero

703 2794 742 2838 ex
768 2771 826 2837 hac
851 2773 913 2838 vita
940 2791 1011 2837 cum
1045 2770 1226 2837 delictorum
1251 2771 1394 2837 sordibus
1420 2772 1599 2838 recedentes
1624 2775 1799 2860 aequandas
1824 2777 1871 2842 his

703 2858 757 2945 qui
777 2858 809 2923 in
829 2857 995 2942 abmptum
1015 2877 1054 2921 er
1073 2856 1137 2921 alto
1164 2856 1386 2942 praecipitique
1411 2855 1527 2942 delapsi
1555 2859 1633 2935 sint,
1671 2860 1754 2925 unde
1782 2883 1872 2927 num·

703 2964 794 3030 qrsam
817 2942 942 3009 facultas
964 2941 1000 3006 lit
1021 2942 1210 3028 resurgendi.
1251 2943 1327 3008 ldeo
1348 2962 1422 3026 ergo
1447 2942 1597 3009 utendum
1617 2946 1770 3011 concessis
1791 2948 1872 3013 vitae

653 3029 818 3115 lispatiis,
838 3035 875 3094 ut
891 3027 932 3093 sit
949 3025 1310 3114 perlectaa‘purgationis
1330 3028 1428 3092 maior
1448 3027 1584 3094 facultas.
1627 3031 1721 3114 Ergo,
1738 3031 1870 3118 inquies,

703 3115 758 3202 qui
777 3115 839 3181 iam
865 3111 999 3215 perfecta
1027 3120 1174 3198 purgatus
1200 3121 1248 3180 est
1275 3133 1401 3178 manum
1428 3113 1487 3179 sibi
1515 3114 1607 3180 debet
1634 3115 1762 3195 inferre,
1801 3141 1871 3184 oum

700 3223 765 3269 non
786 3200 827 3267 sit
846 3222 875 3267 es
897 3219 989 3266 causa
1010 3198 1203 3277 remanendi,
1269 3199 1298 3265 ia
1318 3198 1490 3286 proiectum
1509 3199 1721 3268 ulteriusnon
1740 3205 1872 3355 requirit

700 3288 756 3376 qui
775 3286 814 3354 ad
833 3308 871 3354 su
912 3307 945 3352 ra
965 3285 1113 3371 pervenit
1156 3285 1216 3352 Sed
1260 3305 1298 3350 oc
1324 3286 1407 3370 ipso,
1445 3306 1507 3371 quo
1536 3286 1595 3351 sibi
1621 3288 1753 3354 celerem
1799 3313 1870 3357 nem

700 3373 863 3461 spelman
885 3393 922 3439 ae
943 3371 1097 3438 beatitatis
1118 3370 1260 3449 accersit,
1296 3370 1440 3436 inretitus
1465 3371 1576 3457 laqueo
1601 3374 1766 3459 passionis,
1797 3378 1871 3462 quia

700 3480 771 3558 spes
792 3460 872 3525 sicut
890 3458 984 3523 timor
1005 3456 1106 3544 passio
1128 3465 1189 3523 est:
1227 3457 1282 3522 sed
1306 3463 1339 3521 et
1364 3466 1482 3532 cetera,
1517 3476 1596 3607 quae
1623 3461 1766 3546 superior
1790 3463 1870 3528 ratio

652 3540 861 3622 lddrssemit,
885 3543 1024 3609 insumit
1071 3543 1115 3609 Et
1135 3542 1195 3609 boc
1212 3550 1259 3607 est
1283 3540 1367 3628 quod
1386 3542 1501 3608 Paulus
1546 3543 1620 3609 lium
1642 3566 1697 3631 spe
1718 3546 1798 3612 vitae
1821 3570 1871 3615 ve·

700 3628 792 3695 rioris
812 3628 849 3693 ad
872 3649 905 3693 sc
927 3628 1033 3693 venire
1055 3636 1271 3713 properantem
1296 3625 1440 3712 prohibet
1461 3649 1496 3692 ac
1514 3628 1651 3714 repellit,
1686 3652 1725 3695 ne
1746 3630 1871 3699 festina·

700 3720 767 3780 tum
791 3711 993 3779 absolutionis
1018 3712 1267 3798 ascensionisque
1296 3711 1482 3779 desiderium
1507 3714 1604 3799 magis
1631 3737 1703 3783 eum
1725 3716 1783 3783 hac
1804 3719 1870 3805 ipsa

767 3918 838 3971 Mss-
860 3915 1103 3981 ussermann]
1135 3930 1137 3933 ’

700 4008 740 4056 12.
776 4012 844 4072 etp
892 4010 954 4057 etus
976 4002 1051 4055 aas.
1091 4002 1320 4071 acpupetuaS.
1343 4032 1378 4045 -
1400 4024 1456 4061 aum
1480 4008 1868 4064 iamantmanonllss.-

699 4073 827 4142 Erplcbo]
847 4073 924 4140 Vrg.
943 4072 1009 4124 elon.
1027 4071 1076 4133 vl,
1094 4074 1156 4123 545·
1311 4077 1352 4125 13.
1386 4091 1455 4128 cera
1471 4078 1605 4129 naturalis
1622 4095 1692 4129 mora
1710 4079 1781 4130 Bra,
1816 4098 1868 4132 rra-

697 4143 795 4196 turalr's
810 4158 879 4195 mors
894 4141 967 4204 (del.
985 4144 1059 4202 carc)
1079 4140 1130 4191 Hl.
1155 4166 1188 4177 -
1213 4146 1358 4209 extorquet
1374 4143 1426 4194 Rl.
1448 4171 1481 4181 —
1498 4146 1651 4210 suendum
1670 4147 1721 4198 Rl.
1742 4172 1775 4185 —
1797 4150 1869 4200 solvi

698 4210 749 4262 Rl.
914 4212 954 4262 ll.
994 4210 1092 4261 Anima
1113 4215 1220 4259 autem
1242 4208 1293 4258 R2.
1319 4236 1352 4247 -
1378 4228 1484 4278 corpore
1510 4213 1579 4276 (our.
1602 4214 1634 4274 a)
1656 4213 1711 4265 viu.
1744 4242 1773 4251 -
1802 4218 1869 4268 nisi

697 4277 773 4346 (sup.
790 4278 844 4341 su'l)
862 4278 974 4331 retinere
989 4293 1140 4347 corporsrrm
1158 4275 1208 4326 R2.
1243 4277 1356 4329 retinere
1371 4278 1439 4331 nibil
1455 4295 1605 4347 corporeum
1623 4278 1655 4331 F.
1690 4281 1759 4332 nibil
1776 4299 1869 4351 corpo-

696 4361 769 4398 seusu
785 4347 897 4396 retinere
914 4345 966 4396 Rl.
984 4374 1019 4385 -
1036 4345 1164 4397 uiolenter
1181 4344 1215 4395 de
1231 4360 1337 4409 corpore
1353 4345 1428 4415 viog.
1448 4372 1476 4384 -
1493 4347 1572 4398 malis
1587 4348 1708 4402 uinculis
1727 4350 1868 4403 GRQBsn.

697 4413 743 4463 11¹2
763 4412 889 4479 „dngl.“
1042 4415 1082 4465 lb.
1122 4410 1233 4463 adiecit
1257 4410 1403 4466 Rssllssrda
1428 4440 1457 4452 ·-
1480 4422 1594 4467 coastat
1616 4416 1686 4467 Burs.
1711 4443 1745 4456 -
1772 4421 1869 4472 animis

696 4494 751 4530 csse
770 4479 839 4542 (om.
862 4476 932 4543 illic)
950 4476 1002 4528 lta.
1155 4481 1197 4529 16.
1228 4487 1336 4545 praesto
1353 4481 1388 4532 sit
1407 4498 1518 4549 surgere
1535 4483 1591 4534 εἰπε
1608 4485 1770 4551 difficultate
1787 4486 1818 4537 12.
1835 4515 1868 4525 -

696 4561 843 4612 resurgere
864 4545 918 4596 Hs.
941 4572 967 4584 -
991 4546 1020 4597 ia
1040 4561 1076 4596 ru
1096 4552 1152 4597 tum
1173 4545 1245 4598 Bas.
1268 4574 1302 4586 —
1324 4548 1429 4616 delapsi
1445 4551 1498 4602 siat
1521 4548 1641 4601 PBHG.
1676 4554 1781 4620 dolapsi
1797 4563 1867 4607 sunt

697 4612 821 4665 Edd.Sl’.
857 4613 967 4681 dilapsi
982 4620 1053 4665 suat
1071 4562 1141 4695 dass.
1159 4640 1194 4653 -
1206 4616 1330 4678 facultas
1344 4633 1488 4685 numquam
1506 4617 1673 4670 Eddl’sssrs.
1691 4648 1725 4657 -
1741 4622 1802 4702 ideo
1819 4630 1867 4704 ast

696 4679 974 4816 &gr-:rgssrgieg
981 4682 1266 4817 silniiintilpilfaiitiln
1280 4682 1511 4819 glddszoesoem
1525 4688 1866 4825 pisiigatiiigeostuifniiiri:

690 4817 783 4881 festae
798 4814 994 4883 purgationis
1011 4816 1056 4868 ss't
1071 4814 1103 4867 F.
1122 4844 1156 4855 -
1178 4817 1242 4884 quia
1257 4820 1417 4884 perfectum
1434 4818 1476 4870 av
1493 4825 1528 4888 (g
1545 4822 1573 4872 in
1591 4828 1673 4886 mm).
1690 4851 1725 4863 -
1742 4842 1867 4893 superna

696 4882 831 4948 Busa-g.
847 4909 881 4921 —
896 4880 1095 4935 beatitudiuis
1114 4882 1185 4934 Bas.
1202 4909 1235 4922 -
1250 4888 1360 4939 accersit
1374 4885 1467 4939 SBsn.
1503 4891 1636 4942 arcessit
1651 4891 1805 4944 R12EddAE
1807 4894 1865 4946 PG.

695 4949 784 5016 viat
801 4954 827 5001 7.
848 4975 882 4987 -
907 4948 972 5017 quia
998 4950 1066 5003 sicut
1086 4950 1164 5004 timor
1184 4966 1244 5019 spes
1266 4951 1339 5007 Bas.
1358 4980 1392 4994 -
1414 4956 1487 5009 ratio
1508 4958 1629 5011 tramit
1651 4975 1677 5010 v.

729 5140 770 5189 la.
804 5140 892 5201 fertur
910 5137 938 5189 in
956 5136 1007 5190 lrac
1021 5136 1079 5189 aito
1095 5137 1252 5205 delinquen·
1303 5141 1449 5209 timetur,
1487 5143 1577 5209 atil,
1601 5147 1645 5209 14,
1676 5150 1716 5199 12.
1740 5157 1765 5203 et
1788 5150 1865 5205 baec

693 5212 733 5258 tas
747 5207 847 5258 similes
863 5203 927 5273 assa]
948 5204 1026 5257 Conl.
1046 5204 1083 5268 11,
1100 5209 1127 5271 ⁶,
1147 5209 1187 5259 15.
1205 5222 1253 5258 aas
1305 5210 1480 5265 dicendum
1498 5220 1544 5268 cst
1561 5214 1594 5266 ab
1611 5215 1666 5269 alio
1683 5220 1807 5274 noceri.-

693 5274 866 5346 ascogs'tatas
884 5292 902 5329 a
919 5274 994 5330 nobis
1011 5275 1104 5329 lineas
1182 5290 1252 5328 acs-
