5092 6425
1149 805 1286 923 ιιιιιιι
1309 819 1347 922 ι.
1781 880 1854 924 „m

628 1026 691 1077 milii
714 1025 792 1076 misit
813 1024 933 1075 Pontani
956 1023 1096 1075 editlonis
1107 1023 1212 1088 prioris
1230 1028 1387 1094 exemplar,
1415 1027 1513 1092 inquo
1533 1027 1746 1094 diligentissime
1763 1031 1853 1082 sdno·

629 1116 757 1176 tereret,
787 1110 833 1161 ubl
852 1110 969 1160 codices
986 1110 1028 1160 illi
1046 1112 1081 1165 ab
1099 1124 1135 1187 eo
1152 1111 1361 1180 discreparent,
1390 1113 1507 1165 liberam
1524 1115 1587 1167 eius
1607 1115 1672 1166 mihi
1689 1117 1851 1167 concedens

628 1212 724 1275 usum,
745 1201 775 1248 et
791 1196 929 1247 adiiciens
950 1208 985 1246 ex
1004 1196 1093 1258 ipsius
1112 1199 1281 1250 bibliotheca
1296 1199 1422 1249 codicem
1441 1212 1521 1251 manu
1540 1200 1674 1263 scriptum
1697 1212 1786 1262 nuper
1807 1215 1851 1253 nne

627 1285 738 1336 frustra
754 1287 856 1333 contra
872 1282 977 1332 licente
995 1282 1112 1346 emptum
1132 1283 1160 1334 in
1178 1285 1311 1335 auctione
1327 1285 1454 1352 publica,
1482 1300 1536 1350 quo
1559 1301 1610 1350 pro
1626 1287 1773 1336 voluntate
1789 1298 1851 1337 mea

627 1376 733 1421 uterer.
769 1372 827 1419 llae
852 1368 954 1431 coplae
974 1367 999 1418 si
1019 1369 1152 1419 ablnitio
1172 1372 1206 1420 ad
1224 1384 1332 1422 manum
1354 1372 1419 1422 mihi
1440 1372 1578 1438 fuissent,
1605 1376 1664 1423 tres
1689 1371 1723 1435 hl·
1734 1372 1850 1422 codices

627 1457 738 1519 penitus
756 1454 938 1531 perlustratis
955 1458 1039 1517 atque
1059 1455 1184 1519 cognitis
1201 1462 1299 1507 essent
1318 1458 1530 1508 adnumerandi:
1555 1458 1604 1521 sed
1622 1464 1728 1521 septem
1746 1458 1850 1522 primae

627 1554 707 1593 meae
720 1534 852 1592 'editionis
867 1538 998 1604 plagulae
1014 1553 1030 1590 e
1050 1542 1129 1603 prelo
1147 1541 1201 1592 lam
1220 1544 1398 1607 prodierant,
1424 1548 1575 1608 apparatus
1594 1544 1712 1596 criticus
1726 1543 1765 1595 ‘ad
1781 1545 1851 1596 reli-

628 1632 707 1692 quam
725 1627 992 1678 commentariorum
1016 1626 1044 1677 in
1062 1628 1202 1678 somnium
1218 1628 1376 1692 scipionis
1385 1634 1490 1692 partem
1512 1632 1689 1694 typographo
1709 1629 1763 1681 iam
1787 1637 1850 1681 erat

627 1717 762 1781 traditus,
784 1714 879 1778 itaque
896 1712 964 1791 nihil
980 1713 1043 1763 mihi
1061 1715 1197 1786 reliquum
1217 1715 1284 1779 init,
1306 1715 1360 1764 nlsl
1379 1719 1425 1780 ιιι,
1443 1729 1506 1767 cum
1525 1728 1628 1779 operae
1646 1728 1682 1767 eo
1700 1715 1764 1778 ipso
1781 1719 1851 1767 tem·

627 1815 696 1865 pore
714 1815 764 1865 per
781 1799 893 1863 aliquod
910 1804 1020 1872 tempus
1044 1814 1121 1851 sittim
1141 1815 1212 1864 opus
1230 1801 1460 1865 intermitterent,
1489 1803 1652 1865 apparatum
1669 1801 1796 1871 criticum
1813 1805 1849 1853 ad

626 1901 671 1938 me
689 1902 721 1940 r
707 1873 895 1958 mittentium
891 1896 1039 1951 curarem,
1054 1891 1085 1936 nt
1102 1886 1166 1937 inde
1184 1900 1202 1938 s
1220 1886 1411 1952 paginalia,
1426 1886 1445 1937 i.
1459 1902 1484 1940 e.
1502 1888 1583 1940 alib.
1597 1889 1618 1938 l.
1636 1900 1698 1950 cap
1709 1888 1751 1938 2⁰.
1768 1885 1849 1952 112,

627 1976 654 2025 si
672 1988 727 2025 non
744 1954 850 2035 clunia,
877 1970 905 2021 ld
925 1971 998 2032 quod
1018 1971 1136 2033 spatium
1160 1986 1215 2023 nou
1239 1973 1426 2039 permitteret,
1455 1979 1485 2025 at
1511 1973 1664 2037 praecipue
1685 1972 1848 2024 insererem.

624 2059 787 2123 Descripsit
808 2060 861 2108 hos
881 2057 997 2108 codices
1017 2054 1179 2108 Osannus
1199 2058 1226 2108 in
1251 2060 1426 2122 praefatione
1448 2060 1484 2109 ad
1507 2059 1656 2128 editionem
1676 2059 1849 2139 fragmento·

626 2160 686 2197 rum
703 2145 852 2196 ciceronis
869 2144 1003 2194 librorum
1020 2144 1055 2193 de
1072 2156 1104 2193 re
1122 2144 1278 2207 publicap.
1294 2158 1351 2197 an.
1369 2159 1412 2208 sq
1446 2123 1532 2204 Quam
1552 2144 1614 2195 eius
1622 2131 1848 2240 descriptionem

627 2233 673 2283 hic
693 2240 793 2293 ponam
806 2229 911 2283 additis
925 2228 961 2279 ils
979 2242 1051 2292 qliae
1069 2219 1196 2280 addenda
1213 2242 1279 2280 csse
1297 2232 1452 2282 videantur.

626 2312 1302 2384 s)cothsous(1l.c.laconsli),‚tnuui
1320 2317 1414 2367 ducali
1431 2318 1575 2381 servatus,
1593 2315 1622 2365 in
1640 2315 1752 2363 membr.
1770 2325 1847 2363 saec.

663 2405 725 2452 iere
749 2396 823 2451 Xlll.
849 2401 971 2464 scriptus
1000 2414 1062 2453 cum
1086 2399 1223 2450 som'nlo
1252 2400 1343 2452 simul
1359 2401 1532 2453 hlacrobii
1556 2396 1848 2452 Commentariun

662 2489 867 2550 conplectens:
896 2488 1004 2550 dequo
1028 2484 1162 2536 accurrate
1186 2488 1311 2538 lacobs
1328 2488 1413 2540 licitr.
1435 2470 1499 2539 zur*
1512 2489 1620 2539 ilteren
1645 2485 1800 2543 bitteratur
1820 2487 1846 2536 d.

662 2575 791 2638 herzogl.
806 2572 875 2622 llibl.
893 2586 932 2630 au
949 2573 1041 2623 (iotha
1058 2573 1086 2637 l,
1104 2572 1129 2628 2.
1149 2586 1174 2634 p.
1192 2572 1272 2625 tls.“
1305 2576 1348 2624 Ex
1367 2573 1421 2625 hoo
1438 2572 1537 2625 codice
1555 2574 1615 2624 iere
1632 2572 1729 2623 endem
1744 2585 1846 2635 quaec

662 2644 761 2714 codice
788 2658 1013 2710 berolinensi
1038 2657 1149 2720 repperi
1174 2663 1307 2723 enotata,
1322 2664 1367 2710 'ut
1393 2674 1449 2711 non
1478 2661 1613 2726 dubitem,
1644 2658 1709 2721 quin
1734 2670 1771 2708 ex
1796 2671 1847 2710 eo-

588 2748 592 2755 ’
662 2753 722 2802 dem
741 2743 892 2812 aiqueills
910 2743 1065 2795 manaverit
1082 2745 1168 2793 tonte.
1203 2745 1429 2810 succeditergo
1453 2741 1481 2797 l'n
1504 2747 1596 2798 locum
1614 2745 1707 2812 illius',
1735 2746 1845 2809 utquid

661 2840 689 2888 in
712 2836 755 2886 his
777 2831 921 2884 corticibus
940 2832 1068 2894 legatur,
1097 2828 1144 2878 ubi
1164 2827 1325 2892 discrepent
1343 2831 1449 2894 quidem
1467 2830 1541 2882 inter
1557 2843 1591 2882 se
1615 2832 1703 2883 ceteri
1721 2831 1846 2897 codices,

659 2923 819 2989 requiratur
840 2904 1027 2967 tantummodo
1052 2929 1070 2966 a
1093 2928 1155 2977 cap.
1177 2915 1218 2965 11
1236 2915 1309 2980 pii.
1325 2929 1414 2980 usque
1431 2920 1465 2969 ad
1489 2931 1551 2981 cap.
1566 2917 1701 2983 211112
1735 2918 1845 2967 Versus

660 3007 742 3061 finem
768 3004 916 3068 librarius,
940 3016 1019 3067 quem
1041 2998 1151 3053 videtur
1175 3002 1318 3053 scribendi
1340 3004 1459 3057 taedium
1479 3003 1606 3099 cepisse,
1637 3004 1723 3054 multa
1741 3001 1845 3069 omisit,

660 3110 732 3162 quiae
750 3093 908 3158 diligenter
918 3089 1024 3139 notavi.
1584 3106 1590 3117 ·

628 3172 1045 3251 liuarmstadlenslstli)
1063 3173 1151 3240 ,‚llibl.
1168 3174 1263 3239 Magni
1282 3173 1369 3225 lincis
1387 3175 1497 3226 membr.
1518 3185 1596 3226 saec.
1617 3175 1679 3224 llll.
1704 3174 1749 3224 vel
1769 3173 1845 3224 11111.

660 3267 827 3328 nitidissime
847 3262 985 3325 scriptus,
1014 3260 1309 3325 prsetersomnium
1328 3262 1378 3311 iol.
1394 3260 1437 3324 71,
1458 3262 1482 3311 b.
1517 3257 1844 3310 Boetiillnstitutionem

661 3354 876 3414 arithmeticam,
901 3346 1070 3397 Macrobii
1093 3344 1380 3397 Commentariun
1399 3346 1431 3395 ln
1452 3342 1624 3394 Somnium
1642 3343 1690 3393 iol.
1708 3341 1751 3405 ib,
1769 3354 1802 3391 a.
1816 3346 1846 3393 et

661 3442 718 3492 alia
743 3439 877 3508 qtraedam
901 3434 1059 3485 continens.
1097 3431 1263 3481 inscribitur
1290 3430 1447 3481 Somnium:
1480 3427 1616 3488 Somnium
1646 3426 1778 3494 Scipionis
1806 3427 1844 3479 bl.

638 3522 642 3529 ’
664 3526 737 3578 'l'aili
758 3521 891 3576 Ciceronis
912 3525 1061 3587 excerptam
1083 3533 1114 3568 cc
1136 3516 1203 3566 libro
1224 3521 1298 3566 serto
1321 3514 1354 3565 de
1374 3531 1403 3565 re
1424 3514 1540 3582 publico.
1575 3513 1704 3576 Scriptus
1725 3518 1771 3563 est
1793 3526 1845 3564 co·

661 3614 715 3663 dex
733 3612 768 3661 ab
784 3607 893 3659 homine
913 3606 1027 3670 linguae
1043 3615 1123 3667 piram
1145 3600 1354 3663 imperitissimo
1372 3605 1401 3651 et
1423 3602 1539 3652 maxime
1558 3601 1695 3665 socorde,
1724 3598 1770 3662 qni
1787 3612 1844 3650 non

661 3700 750 3750 solum
776 3697 863 3747 multa
888 3693 982 3754 inepta
1009 3688 1146 3750 exhihuit,
1177 3689 1226 3737 sed
1254 3687 1337 3738 etiam
1362 3690 1447 3739 multa
1467 3687 1560 3738 omisit
1584 3687 1630 3737 vel
1653 3686 1696 3735 bis
1716 3684 1844 3748 scripsit.

661 3788 757 3848 Neque
774 3780 893 3844 codicis,
912 3791 992 3843 quem
1010 3773 1170 3838 descripsit,
1190 3787 1298 3824 manum
1317 3775 1499 3837 perspexisse
1516 3773 1616 3836 ubique
1634 3772 1755 3836 videtur,
1771 3773 1844 3846 nnde

661 3871 781 3935 iactum,
810 3872 842 3918 nt
861 3880 912 3930 pro
936 3863 1060 3929 genuina
1082 3860 1204 3911 lectione
1227 3873 1313 3923 saepe
1340 3867 1465 3912 monstra
1490 3858 1658 3923 exhibuerit,
1687 3856 1728 3907 ita
1751 3859 1842 3907 tamen

661 3960 832 4018 comparata,
846 3959 881 4022 ¹ut
899 3952 961 4016 quid
982 3950 1010 4000 in
1029 3946 1191 4012 exemplari,
1209 3948 1281 4009 quod
1298 3953 1364 3997 aute
1384 3947 1484 3997 ocrrlos
1503 3946 1557 3995 iste
1576 3945 1713 4009 habuerit,
1731 3945 1845 4009 legere·

661 4047 721 4108 tur,
738 4041 822 4092 lacile
840 4026 1029 4108 intelligatur:
1059 4046 1145 4101 quare
1164 4032 1192 4083 in
1215 4032 1419 4096 antiquioribus
1440 4036 1469 4083 et
1487 4034 1578 4081 bonne
1596 4035 1680 4080 notae
1698 4030 1844 4089 codicibus

655 4114 825 4179 'referendus
849 4130 901 4176 eet.
938 4126 1090 4176 Praeterea
1111 4118 1290 4183 ignorantiae
1314 4118 1419 4167 librarii
1440 4116 1582 4166 succurrit
1601 4115 1657 4164 alia
1677 4128 1775 4164 mannis
1792 4116 1844 4165 mi-

661 4215 734 4263 nime
755 4224 871 4272 recens,
890 4210 971 4260 immo
989 4209 1049 4258 iere
1068 4205 1213 4269 aequalis,
1231 4216 1303 4266 quae
1322 4203 1391 4253 vitia
1409 4205 1463 4252 tu'm
1481 4202 1507 4251 in
1527 4199 1640 4270 Somnio
1660 4204 1714 4249 tum
1734 4183 1844 4251 ln'hie-

663 4298 753 4349 crobii
776 4298 869 4361 priore
891 4295 1003 4347 dimidia
1023 4295 1082 4344 iere
1106 4296 1184 4354 parte
1207 4286 1349 4351 correxit,
1381 4287 1442 4350 vel,
1469 4288 1542 4350 quod
1561 4284 1726 4346 saepissime
1742 4282 1789 4353 iit,
1814 4286 1843 4338 in

663 4385 789 4448 margine
818 4385 862 4433 vel
883 4395 982 4446 supra,
990 4380 1196 4431 adieclanota
1218 4374 1269 4433 ni,
1298 4372 1443 4424 adnotavit
1459 4373 1540 4423 aliam
1558 4371 1739 4437 scripturam,
1772 4387 1843 4436 quae

663 4474 823 4534 plerumque
847 4468 995 4534 genuinum
1020 4467 1181 4516 contextum
1206 4451 1342 4524 praestat.
1377 4459 1505 4510 Ceterum
1534 4458 1623 4509 co‘dex
1651 4458 1715 4508 olim
1741 4459 1845 4513 colo-

662 4556 800 4609 niensis
818 4554 876 4605 ibi.
897 4553 968 4605 idem
990 4556 1050 4616 est,
1076 4550 1103 4601 in
1122 4562 1192 4615 quo,
1219 4552 1293 4598 teste
1310 4543 1479 4597 flaushemii
1500 4543 1683 4607 Gatalogop.
1702 4545 1752 4594 117
1772 4550 1854 4595 extr.

663 4640 833 4709 ‚,„Collailo
854 4640 929 4691 inter
951 4638 1040 4689 libros
1061 4636 1188 4687 Platonis
1206 4639 1235 4684 et
1256 4632 1405 4684 Ciceronis
1428 4633 1463 4680 de
1488 4643 1519 4680 re
1541 4626 1698 4692 publics‘“‘
1720 4630 1845 4682 exhiberi

627 4708 634 4718 ’
663 4728 779 4791 dicitur,
808 4740 864 4790 qua
884 4725 949 4775 nihil
973 4724 1048 4775 aliud
1065 4737 1169 4787 quam
1160 4718 1325 4771 Macrobii
1317 4732 1344 4768 in
1364 4716 1503 4767 Somnium
1520 4708 1738 4766 commentarius
1756 4715 1846 4779 signi-

663 4812 743 4865 ficari
761 4812 900 4863 videtur.“
933 4812 985 4862 llic
1004 4813 1093 4862 codex
1112 4808 1236 4895 inprimis
1252 4818 1338 4867 saepe
1356 4805 1438 4854 habet
1453 4803 1623 4867 singularem
1640 4802 1762 4853 ordinem
1780 4816 1847 4853 ver·

663 4902 769 4950 bortum.
804 4900 866 4949 idon
885 4911 950 4948 raro
970 4897 1114 4948 consentit
1132 4908 1192 4945 cum
1214 4891 1269 4964 m.
1301 4891 1444 4940 Uuoloco
1464 4890 1490 4954 l,
1509 4890 1540 4954 b,
1559 4888 1847 4938 iherneiscodici-

664 4987 715 5035 biis
728 4986 808 5035 solus
822 4985 918 5035 hahet:
935 4983 1007 5046 licea
1026 4978 1152 5041 c'rcscit,
1173 4979 1245 5043 qnind
1261 4975 1399 5041 e‚,hiss.“
1411 4974 1493 5027 affert
1504 4973 1675 5035 Gronovius,
1690 4974 1771 5024 cuius
1789 4972 1848 5022 sin-

664 5071 723 5133 guli
740 5069 857 5119 codices
875 5069 938 5132 quid
957 5070 1007 5119 illo
1025 5071 1090 5118 loco
1108 5067 1227 5115 habeant
1247 5064 1355 5113 nescio.

631 5156 662 5220 i)
676 5156 901 5207 Osannianus
914 5154 1006 5221 ⁵)(0)
1020 5154 1137 5221 „codex
1152 5152 1263 5203 membr.
1279 5135 1360 5201 saec.¹
1372 5151 1432 5201 iere
1443 5139 1530 5211 xuh„
1547 5150 1609 5198 ut'a
1625 5156 1683 5195 rec.
1701 5154 1784 5192 manu
1800 5144 1851 5191 ad-

631 5265 1038 5278 ——ae-

703 5322 731 5389 ⁵)
752 5322 835 5374 Hunc
853 5321 977 5375 codicem
993 5317 1151 5391 qanm'ipsi
1171 5320 1241 5375 mihi
1260 5318 1374 5371 licuerit
1396 5312 1581 5386 perscrutari,
1600 5314 1630 5362 et
1645 5310 1779 5362 (lsaunus
1791 5311 1857 5357 tan-
