5092 6425
709 875 775 944 ΕΜ
1196 868 1407 939 munuae

710 1047 829 1122 tiones,
868 1042 981 1129 quibus
1003 1040 1219 1107 discretionem
1243 1041 1316 1107 lacit
1337 1039 1472 1108 secunde
1500 1060 1646 1127 persona,
1691 1038 1773 1126 quia
1805 1038 1895 1127 prima

711 1129 888 1214 coniugatio
916 1128 1009 1192 hebet
1038 1128 1070 1192 in
1094 1130 1182 1191 ΕΙΣ
1205 1127 1431 1226 diphthongum
1456 1128 1666 1201 desinentem,
1706 1134 1747 1192 ut
1775 1130 1895 1203 λαλεῖς·

712 1218 845 1285 secunda
868 1215 899 1279 in
923 1216 1022 1293 ΑΙΣ,
1057 1214 1107 1278 eui
1135 1214 1299 1279 ascribatur
1323 1214 1448 1299 quidem
1472 1216 1505 1292 Ι,
1539 1212 1592 1278 sed
1615 1210 1697 1276 nihil
1723 1233 1811 1278 sono
1830 1235 1894 1279 eon·

681 1304 785 1380 diest,
808 1310 843 1367 ut
864 1302 975 1387 τιμᾷς·
1001 1299 1091 1364 tertia
1113 1299 1145 1364 in
1169 1301 1254 1363 ΟΙΣ
1272 1299 1515 1385 diphthongum,
1537 1306 1574 1363 ut
1593 1303 1795 1381 στεφανοῖς.
1840 1301 1894 1365 Eo

711 1411 781 1456 rum
805 1407 879 1453 vero
900 1385 1064 1452 verborum
1092 1385 1124 1450 in
1150 1406 1284 1471 quorum
1307 1385 1405 1472 prima
1433 1384 1584 1470 positione
1612 1384 1721 1469 gravis
1749 1393 1894 1451 accentus

711 1474 914 1563 penultimam
936 1471 1080 1557 syllohom
1104 1471 1206 1556 signet
1226 1493 1279 1538 sex
1304 1480 1378 1536 sunt
1402 1471 1651 1570 coniugationes:
1698 1470 1758 1536 sad
1790 1471 1824 1535 in
1852 1470 1893 1536 his

712 1583 774 1627 non
796 1557 929 1624 seeundo
951 1577 1082 1642 persona
1104 1556 1320 1624 discretionem
1342 1556 1428 1637 lacit,
1456 1577 1570 1656 quippe
1590 1576 1661 1621 eum
1688 1554 1724 1620 in
1747 1557 1893 1624 omnibus

712 1646 845 1713 meunda
868 1664 998 1730 persone
1020 1643 1051 1707 in
1074 1645 1161 1706 ΕΙΣ
1179 1643 1405 1731 diphthongum
1428 1643 1567 1718 linietur,
1602 1640 1655 1706 aed
1680 1640 1803 1709 harum
1826 1664 1891 1708 eoa·

682 1731 900 1818 diugationem
921 1729 952 1793 in
975 1729 1073 1816 prime
1093 1750 1225 1815 persone
1243 1730 1435 1795 differentiae
1454 1726 1745 1814 deprehenduntur.
1794 1729 1890 1809 Quae·

712 1819 792 1885 ritur
813 1816 896 1881 onim
920 1815 950 1878 in
974 1815 1071 1901 prime
1093 1816 1244 1901 positione
1264 1814 1349 1880 verbi
1373 1815 1537 1899 cuiusque,
1565 1834 1645 1899 quae
1667 1812 1787 1880 literae
1811 1836 1888 1901 prae

712 1903 824 1970 cedant
846 1903 881 1965 Ω
901 1900 1023 1965 finalem
1049 1900 1167 1966 literam
1188 1901 1289 1967 verbi:
1318 1909 1350 1966 et
1371 1901 1396 1966 si
1420 1899 1573 1967 inveneris
1593 1907 1665 1963 ante
1692 1901 1733 1962 ,Ω
1762 1902 1795 1964 Β
1814 1903 1846 1965 Φ
1861 1903 1891 1964 Π

714 1991 796 2067 ΠΤ,
822 1987 919 2069 haldo
940 1983 1060 2071 γράφω
1080 1983 1187 2071 τέρπω
1208 1983 1333 2064 κόπτω,
1363 1986 1480 2073 primae
1499 1984 1732 2070 coniugationis
1755 2007 1887 2072 pronun·

712 2075 819 2141 tiehis:
861 2073 886 2138 si
907 2083 1010 2138 autem
1034 2074 1207 2160 reppereris
1228 2078 1260 2139 Γ
1276 2075 1309 2137 Ι(
1330 2075 1374 2152 X,
1402 2069 1486 2154 λέγω
1503 2067 1610 2136 πλέκω
1630 2067 1756 2154 τρέχω,
1785 2094 1887 2139 secun

713 2161 783 2228 dem
805 2158 941 2227 nocebis:
980 2159 1062 2245 quod
1086 2160 1110 2224 si
1134 2163 1167 2224 Δ
1190 2163 1219 2224 Θ
1246 2162 1289 2237 Τ,
1311 2153 1382 2248 ᾅδω
1403 2154 1520 2243 πλήθω
1545 2151 1671 2235 hee,
1695 2157 1830 2224 tertiam
1850 2158 1887 2223 di-

713 2267 778 2316 ees:
818 2253 927 2333 querta
949 2245 1023 2322 erit,
1056 2245 1082 2310 si
1104 2245 1246 2312 hebuerit
1268 2249 1295 2309 Z
1317 2253 1372 2310 aut
1391 2245 1453 2309 duo
1475 2247 1556 2322 ΣΣ,
1585 2238 1721 2328 φράζω,
1744 2240 1888 2330 cipriane:

663 2333 851 2419 [respirem
871 2330 986 2396 luerint
1005 2330 1140 2417 liquidae
1159 2335 1191 2397 Λ
1210 2333 1255 2394 Μ
1272 2332 1311 2395 Ν
1326 2333 1365 2409 Ρ,
1385 2325 1497 2394 πάλλω
1516 2326 1605 2413 νέμω
1625 2329 1738 2412 κρίνω
1760 2332 1887 2414 σπείρω,

714 2419 854 2505 quintam
884 2418 1050 2482 notabunt:
1090 2427 1175 2484 sexta
1202 2415 1357 2504 profertur
1381 2412 1436 2481 dede
1462 2415 1615 2501 καθαροῦ
1642 2416 1708 2481 τοῦ.
1740 2419 1795 2497 Ω,
1831 2415 1888 2500 dia

712 2499 895 2587 depensum.
938 2502 1088 2571 Nonnulli
1110 2511 1142 2569 et
1166 2504 1328 2590 septimam
1354 2522 1421 2569 esse
1442 2502 1608 2569 voluerunt
1628 2503 1888 2588 praecedentibus

779 2655 833 2707 lla.
850 2654 882 2708 Ρ.
916 2655 986 2708 End.
1004 2656 1101 2724 pdah.]

779 2738 838 2803 Ill,
865 2744 889 2790 1.
922 2741 1028 2805 τιμαῖς
1051 2739 1121 2791 Edd.
1284 2745 1309 2793 8.
1348 2742 1421 2794 ΖΗ
1436 2747 1486 2794 aut
1505 2739 1558 2793 duo
1587 2737 1647 2791 ΣΣ
1673 2738 1706 2792 Ρ.
1734 2771 1774 2781 -
1801 2737 1889 2796 edna

712 2806 813 2873 aerlpai
835 2806 971 2859 euadente
995 2806 1151 2889 Opaopoeo.
1189 2807 1302 2860 neate
1324 2814 1400 2876 (sup.
1423 2809 1486 2861 add.
1507 2807 1605 2869 vendo)
1629 2806 1662 2860 Ρ.
1697 2803 1805 2876 ψάλλω
1826 2812 1889 2864 flat.

712 2905 745 2915 -
766 2873 971 2928 ΠΟΥΩΡΕΩ
990 2875 1021 2927 Ρ.
1059 2892 1075 2927 τ
1102 2892 1124 2927 ω
1142 2868 1195 2942 diu
1218 2876 1245 2928 d.
1280 2873 1388 2945 τῶνω,
1405 2872 1459 2944 ρέα
1482 2877 1526 2930 ab.

781 2980 834 3032 tta.
853 2979 897 3043 lh]

712 3065 808 3119 tionem
817 3066 891 3130 jacit
908 3065 1024 3119 secunda
1040 3082 1166 3134 persona,
1189 3067 1381 3137 quamprimo
1399 3065 1553 3137 coniugatio
1570 3065 1648 3118 hahet
1665 3065 1696 3118 in
1715 3065 1800 3120 ΕΙΣ
1816 3069 1891 3138 diph-

711 3134 841 3204 theagene
859 3138 887 3196 ι)
906 3135 1065 3188 desinentem
1084 3140 1129 3197 ⁴),
1160 3144 1188 3189 ut
1206 3136 1296 3196 λαλεῖς
1314 3140 1342 3197 ⁵)
1364 3143 1394 3188 et
1412 3137 1552 3203 reliqua.
1590 3135 1690 3185 Eorum
1712 3152 1782 3189 vero
1802 3141 1891 3189 aeria-

711 3220 786 3267 nm,
809 3203 836 3255 in
855 3221 963 3271 qaorum
980 3206 1067 3272 prima
1083 3205 1213 3273 positione
1230 3205 1325 3274 grania
1340 3211 1462 3257 accentus
1475 3202 1649 3272 penultimam
1664 3203 1690 3253 ai
1732 3214 1781 3269 at,
1800 3224 1847 3260 aex
1865 3210 1891 3267 ⁶)

712 3280 774 3325 aunt
790 3274 991 3343 coniugatione·
1010 3281 1040 3327 et
1058 3274 1085 3325 in
1101 3276 1190 3341 prima
1204 3291 1319 3342 persona
1335 3274 1501 3341 differentiae
1518 3275 1547 3331 7)
1564 3272 1597 3322 in
1613 3271 1665 3323 hia
1703 3276 1891 3340 eprehendere·

712 3348 764 3395 tur.
803 3343 946 3407 Quaeritur
963 3341 1031 3394 enim
1049 3343 1077 3394 in
1097 3344 1186 3410 prima
1205 3343 1336 3411 positione
1352 3343 1556 3407 cuiuscumque
1574 3339 1658 3400 cerii,
1694 3356 1768 3407 puae
1785 3344 1892 3398 littam

710 3411 872 3477 praecedant
883 3411 1005 3476 finalem.
1035 3416 1107 3475 a(p.
1129 3413 1198 3470 194).
1234 3410 1269 3472 (V
1291 3411 1316 3475 ¹)
1339 3410 1398 3470 ΙΙΙς
1420 3413 1449 3471 ²)
1467 3409 1495 3460 in
1512 3424 1584 3470 anag
1608 3410 1636 3468 ⁸)
1658 3405 1845 3480 diptongan‚·
1861 3414 1889 3472 ⁴]

712 3478 862 3538 desinente
879 3483 907 3539 ι)
929 3477 1095 3539 Tarm,-
1113 3481 1141 3538 ο)
1162 3478 1200 3529 Vl
1205 3496 1215 3540 ς
1234 3479 1261 3537 Ι)
1280 3478 1474 3543 deferentine).
1492 3504 1526 3515 -
1542 3474 1680 3541 Excerpta
1699 3484 1801 3531 antem
1819 3496 1889 3547 quaa

712 3561 808 3663 anprtp²
817 3546 1205 3664 protulimuateoptinuentap
1223 3547 1257 3667 (pl
1278 3546 1325 3663 lep
1345 3550 1524 3674 1ρμήτ.Αεςρι
1545 3542 1686 3663 Ignem·
1705 3547 1820 3601 sarbia:
1954 3595 1956 3608 ,

810 3629 823 3663 e
860 3629 935 3664 canan
959 3630 1092 3665 ereneus
1124 3631 1194 3665 enee
1223 3632 1258 3664 r.
1323 3646 1331 3662 .
1485 3632 1502 3665 u
1596 3629 1671 3663 aeae
1704 3629 1800 3667 mm
1829 3633 1888 3668 eer-

713 3680 802 3731 iorum
825 3681 855 3730 in
878 3630 987 3746 quorhm
1007 3682 1095 3747 prima
1114 3630 1245 3748 poeitih'ne
1265 3682 1445 3748 circumflexus
1464 3630 1588 3732 herentes
1609 3680 1735 3733 ultimam
1755 3684 1888 3751 syllabam

712 3754 782 3801 tenet
811 3746 857 3798 ΙΙΙ
881 3754 943 3798 aunt
967 3749 1180 3815 coniugationca‚
1211 3750 1304 3817 quidus
1328 3750 1509 3801 discretionem
1531 3749 1603 3814 facit
1628 3749 1746 3800 secunda
1771 3768 1887 3819 perrona

731 3818 840 3873 uam)
857 3814 944 3879 prima
962 3816 1117 3878 coniugatio
1134 3816 1212 3868 habet
1233 3818 1261 3867 in
1282 3816 1356 3868 ΕΙΣ
1372 3817 1565 3885 diphthongum
1584 3816 1761 3882 desinentem,
1794 3828 1826 3873 ut
1839 3836 1887 3871 κα-

711 3831 780 3942 hes,
802 3881 918 3931 secanda
935 3881 963 3930 in
980 3881 1050 3933 ΑΙΣ
1068 3886 1110 3942 Ι),
1133 3885 1176 3934 cui
1195 3884 1355 3935 adscribitur
1373 3886 1478 3952 quidem
1498 3887 1526 3949 Ι,
1545 3885 1590 3935 aed
1606 3883 1673 3935 nihil
1690 3901 1756 3937 aeno
1776 3891 1887 3953 confert,

712 3957 742 4003 ut
763 3946 844 4019 τιμᾷς
862 3952 906 4012 ²),
936 3950 1015 4002 tertia
1036 3950 1065 4001 in
1088 3949 1163 4002 ΟΙΣ
1181 3952 1374 4020 diphthongum
1396 3957 1438 4013 ¹),
1465 3961 1494 4006 at
1514 3954 1669 4019 στεφανοῖς.
1720 3956 1746 4003 2
1788 3956 1887 4007 Earum

712 4034 773 4071 uero
795 4019 931 4070 uerborum
956 4018 984 4069 in
1008 4035 1116 4085 quorum
1136 4020 1223 4086 prima
1240 4021 1370 4087 positione
1386 4022 1481 4091 grauia
1498 4028 1619 4072 accentus
1634 4020 1815 4088 penultinam
1832 4023 1887 4091 ayl-

712 4086 801 4139 laham
818 4087 909 4156 rigarat
931 4087 971 4138 Vl
986 4095 1046 4139 runt
1065 4088 1276 4157 coniugationea‚
1290 4090 1335 4139 aed
1352 4090 1381 4140 in
1397 4090 1439 4141 hie
1453 4106 1505 4140 non
1523 4088 1638 4139 secunda
1653 4104 1769 4153 perrona
1786 4092 1887 4143 diren-

712 4156 808 4208 tionem
825 4159 854 4218 ⁴)
871 4157 951 4224 feeit,
971 4159 1141 4225 quippenam
1159 4158 1185 4208 in
1204 4158 1323 4209 omnibus
1341 4158 1456 4209 secunda
1471 4173 1584 4224 perrona
1601 4157 1629 4208 in
1648 4154 1724 4207 ΕΙΣ
1739 4157 1887 4225 diphthon-

712 4239 777 4296 gum
790 4227 922 4292 finiatur,
958 4227 1004 4277 aed
1025 4227 1119 4277 harum
1140 4227 1356 4295 coniugationum
1378 4227 1407 4278 in
1428 4226 1516 4292 prima
1537 4240 1651 4291 perrona
1668 4224 1841 4291 differentiae
1858 4232 1887 4290 ⁵)

713 4294 966 4361 deprehendentur.
1015 4295 1040 4342 3.
1080 4294 1223 4358 Quaeritur
1244 4294 1313 4346 enine
1338 4294 1366 4344 in
1387 4295 1475 4361 prima
1497 4293 1627 4409 positione
1650 4293 1723 4343 verbi
1747 4295 1886 4364 euiuepua,

713 4377 782 4425 puae
804 4362 909 4412 litterae
949 4362 1091 4412 raecednnt
1111 4360 1138 4411 Sd
1147 4364 1261 4426 finalem
1283 4362 1399 4413 litteram
1420 4361 1492 4412 uerbi
1553 4361 1590 4411 Si
1612 4360 1744 4411 inueneris
1767 4372 1835 4416 ante
1859 4363 1887 4415 tt

714 4429 747 4490 Β,
767 4427 801 4492 Φ,
822 4428 858 4493 Π,
879 4377 993 4490 Mel),
1010 4426 1099 4495 λελβω,
1115 4424 1223 4497 γράφω,
1241 4423 1340 4497 τέρπω,
1356 4423 1457 4494 κόπτω,
1478 4428 1582 4493 primae
1604 4430 1805 4495 coniugationia
1820 4448 1887 4499 pro·

712 4493 857 4545 nuntiabis.
895 4494 926 4543 Si
943 4502 1031 4545 autem
1047 4501 1173 4562 repereris
1189 4501 1217 4556 7)
1238 4497 1270 4564 Γ,
1291 4498 1331 4561 ΙΙ,
1350 4498 1389 4560 X,
1406 4492 1488 4562 λέγω,
1504 4490 1605 4563 πλέκω,
1622 4490 1722 4563 τρέχω,
1740 4501 1885 4551 secundam

712 4560 826 4611 necabis.
865 4559 941 4624 Quod
960 4563 983 4613 ai
1007 4563 1048 4630 Δ,
1075 4561 1116 4628 Θ,
1143 4567 1180 4626 Τ,
1204 4558 1279 4635 ᾄδω,
1301 4557 1402 4630 miride)
1420 4568 1464 4630 ο),
1486 4555 1578 4613 einaim
1598 4568 1641 4630 ο),
1676 4564 1784 4616 tertiam
1805 4568 1884 4619 dicae.

716 4628 820 4693 Quarta
837 4630 895 4692 erit,
914 4630 938 4680 ri
952 4630 1072 4683 habuerit
1092 4624 1144 4698 Ζῆ
1161 4627 1222 4684 δύο
1239 4632 1298 4683 ΣΣ
1311 4634 1365 4695 ¹⁰),
1384 4627 1487 4698 φράζω,
1504 4623 1619 4697 opnione.
1656 4630 1688 4682 Si
1704 4648 1766 4683 aero
1777 4635 1886 4697 fuerint

715 4695 835 4761 liquidae
851 4697 884 4763 Λ,
903 4698 945 4765 Μ,
964 4698 1003 4763 Ν,
1027 4700 1058 4764 Ρ,
1076 4694 1179 4766 πάλλω,
1195 4694 1267 4765 nipe
1289 4701 1343 4760 Η),
1361 4698 1454 4766 κρίνω,
1474 4696 1583 4765 σπείρω,
1624 4698 1726 4751 uintnm
1743 4703 1885 4756 natabunt.
1964 4684 1970 4730 l

716 4762 799 4813 Serta
814 4766 948 4829 profertur
970 4760 1016 4816 dede
1034 4767 1166 4834 καθαροῦ
1182 4767 1234 4819 eori
1252 4766 1294 4835 Ω,
1326 4762 1393 4835 dio),
1413 4759 1570 4833 θεραπεύω.
1634 4768 1737 4818 annulli
1754 4775 1780 4821 et
1799 4771 1884 4839 septi-

746 4900 771 4948 1.
806 4895 895 4978 nappin]
922 4897 1002 4963 Quod
1026 4898 1054 4949 ie
1078 4900 1142 4951 edd.
1164 4900 1272 4967 legiter
1321 4918 1357 4953 ne
1373 4900 1459 4953 huius
1478 4900 1588 4966 quidem
1606 4916 1727 4967 unqnanr
1746 4904 1885 4957 memine-

710 4966 814 5031 τιμαῖς,
850 4968 877 5017 rd
914 4973 1010 5016 netum
1044 4972 1087 5018 ast
1121 4984 1137 5017 e
1165 4968 1271 5021 eodieis
1321 4970 1368 5021 rit.
1402 4968 1504 5021 aenei
1523 4968 1782 5037 adscriptumluit,
1813 4972 1884 5027 lide·

712 5033 853 5101 scripture
873 5034 1021 5085 TIMAIC.
1056 5034 1097 5085 De
1118 5032 1271 5088 ieieuaub-
1321 5038 1387 5089 liter
1423 5036 1648 5103 expressimas“‚
1683 5054 1753 5103 quae
1788 5041 1884 5094 minua

712 5102 819 5169 scripto
843 5102 871 5153 in
894 5102 986 5169 prima
1012 5117 1063 5153 aua
1091 5102 1270 5156 adnotatione
1321 5111 1480 5172 congruent
1508 5120 1569 5154 eum
1602 5104 1656 5156 hac
1685 5112 1782 5160 nostro
1811 5110 1884 5162 loca.

712 5170 878 5237 Opaopoena
904 5168 1029 5237 prodidit
1057 5169 1142 5221 haec:
1176 5165 1271 5237 ,,Ἰῶτα
1319 5173 1391 5238 Ego,
1408 5172 1455 5222 ubi
1474 5173 1664 5225 neceesarium
1684 5175 1885 5230 esee-videba-

711 5237 1095 5307 qnodvalgoaubacriptum
1114 5247 1224 5302 vocent,
1243 5240 1270 5291 in
1321 5246 1380 5302 tar,
1414 5238 1520 5291 monito
1549 5240 1656 5292 lectore
1680 5243 1778 5295 addidi
1808 5246 1884 5301 illud

632 5347 644 5374 n
711 5305 854 5373 plerisque
871 5304 1063 5377 negleximus,
1081 5307 1156 5377 qaod
1171 5313 1271 5363 aeetae
1320 5305 1398 5361 reru.
1433 5306 1493 5361 llid.
1510 5311 1568 5361 not·
1586 5309 1623 5361 ad
1640 5326 1665 5362 e.
1683 5313 1727 5378 lt,
1745 5311 1760 5378 ς
1776 5316 1829 5366 8.·
