5092 6425
721 900 785 966 244
1207 896 1414 965 uacuum!

725 1089 793 1134 vem
822 1088 888 1133 esse
916 1067 1085 1151 praesentis
1120 1067 1339 1152 paenultimam
1372 1065 1568 1131 observatum
1600 1071 1662 1131 cst.
1710 1064 1786 1132 Nec
1810 1073 1899 1132 tamea

725 1155 880 1237 reciproca
902 1160 949 1215 est
972 1149 1152 1227 necessitas,
1173 1159 1223 1228 ut,
1245 1151 1389 1236 quotiens
1409 1150 1510 1216 brevis
1530 1157 1579 1215 est
1600 1150 1810 1236 paenultima
1823 1172 1899 1252 prae-

723 1239 829 1314 scutis,
851 1241 883 1300 E
902 1245 973 1300 ante
997 1239 1031 1298 dd
1051 1235 1092 1301 sit
1112 1236 1142 1300 in
1161 1235 1282 1301 futuro:
1302 1256 1372 1300 ecca
1393 1235 1476 1300 enim
1497 1237 1565 1299 νοῶ
1586 1232 1716 1320 νοήσω,
1743 1239 1838 1320 spado
1858 1261 1899 1321 φι-

695 1320 819 1406 illesa.
880 1320 1020 1386 Secunda
1043 1320 1217 1406 coniugatio
1237 1328 1292 1385 aut
1315 1323 1353 1384 H
1374 1329 1445 1385 ante
1470 1322 1504 1383 Ω
1526 1321 1558 1386 in
1580 1320 1693 1387 luturo
1718 1321 1837 1399 habel,
1873 1330 1899 1387 d

722 1404 810 1474 ὀπτῶ
829 1399 979 1489 inopom:
1005 1410 1110 1470 autA
1130 1405 1330 1490 productum,
1351 1414 1387 1471 ut
1405 1402 1553 1487 περάσω;
1578 1413 1634 1471 aut
1658 1410 1694 1469 A
1714 1415 1899 1494 correptura,

723 1502 759 1560 ut
781 1488 915 1575 γελάσω.
959 1489 1257 1576 Deprehensumqua
1286 1499 1334 1557 est
1360 1512 1467 1557 eorum
1490 1491 1670 1557 futurorum
1697 1496 1733 1555 A
1757 1493 1793 1557 in
1820 1513 1899 1579 paen

723 1579 831 1644 ultima
857 1575 983 1664 produci
1014 1595 1146 1660 quorum
1179 1596 1322 1660 pmesens
1350 1584 1404 1641 aut
1432 1576 1547 1641 nullam
1575 1585 1816 1643 consonantem
1838 1586 1897 1642 ante

673 1661 1037 1750 [m162autPhabet‚
1069 1658 1111 1724 lai
1135 1657 1235 1740 ἐάσω,
1271 1663 1360 1743 περῶ
1381 1658 1528 1743 κεράσω,
1564 1662 1595 1726 iu
1617 1663 1826 1729 eontrarium
1846 1684 1895 1727 noa

723 1748 872 1813 redeunte
901 1745 1098 1824 necessitate,
1133 1747 1285 1845 siquidem
1310 1747 1379 1831 χρῶ
1406 1742 1515 1831 χρήσω
1545 1746 1617 1812 lacit
1648 1755 1685 1813 et
1715 1744 1894 1831 &walp

721 1829 847 1915 γυήσωε
885 1831 948 1895 illic
968 1850 1042 1895 vero
1069 1831 1181 1918 corripi
1203 1831 1256 1897 ubi
1284 1832 1314 1896 iu
1339 1832 1586 1917 praesentiente
1611 1834 1646 1895 Ω
1678 1836 1713 1896 A
1735 1833 1894 1907 invenitur,

721 1919 804 2000 pelei
823 1911 966 1998 palaico:
990 1915 1043 1980 sed
1065 1937 1122 1981 nac
1142 1916 1174 1981 in
1195 1916 1255 1981 hoe
1277 1917 1353 1981 haec
1372 1917 1403 1980 in
1424 1938 1458 1981 se
1481 1915 1644 1982 necessitas
1668 1918 1776 1997 redit,
1800 1920 1893 1985 xotte'

721 1998 878 2085 κολλήσω.
923 1997 1075 2064 Πεινάσω
1108 2010 1211 2067 autem
1242 2009 1276 2066 et
1300 1997 1429 2078 διψάσω
1454 2001 1566 2067 Dorica
1601 2010 1677 2067 sunt
1713 2025 1777 2089 per
1809 2006 1892 2071 solra

723 2089 859 2164 literam,
894 2108 955 2151 non
985 2086 1077 2151 etiam
1106 2106 1161 2172 per
1180 2095 1358 2152 accentum:
1399 2087 1545 2152 illienim
1568 2086 1711 2153 inomni
1736 2089 1893 2156 luturoia

693 2174 760 2241 822
788 2172 946 2237 desinente
977 2171 1116 2236 ultimam
1147 2172 1400 2237 circumflectunt
1443 2173 1546 2237 Tertia
1579 2180 1634 2237 aut
1666 2174 1705 2236 Ω
1738 2174 1775 2240 in
1813 2197 1893 2262 paea·

722 2258 831 2324 ultima
858 2256 953 2321 lutari
981 2256 1075 2321 habet
1100 2264 1154 2321 aut
1185 2259 1231 2322 0.·
1270 2256 1399 2321 sedhic
1427 2265 1508 2322 certa
1536 2256 1696 2322 distinctio
1719 2268 1784 2326 est
1827 2263 1894 2328 Nan

724 2343 817 2408 verba
838 2363 917 2428 quae
939 2341 1104 2406 derivativa
1127 2350 1200 2406 sunt
1224 2344 1258 2405 Ω
1282 2342 1411 2419 habent,
1438 2363 1516 2427 quae
1537 2362 1610 2408 varo
1633 2342 1827 2431 principalia
1849 2367 1895 2411 uer

723 2449 762 2493 ox
784 2428 843 2493 alio
865 2436 960 2492 tracta
984 2427 1029 2491 0.·
1058 2424 1189 2506 τέκνον,
1214 2429 1317 2490 τεκνῶ
1336 2423 1503 2491 eamden·
1537 2425 1720 2511 στέφανος,
1748 2432 1895 2514 στεφανό

723 2508 941 2595 coapostolum:
975 2507 1045 2592 ὄμῶ
1066 2521 1169 2576 autem
1192 2507 1301 2595 ὀμοῖς,
1346 2512 1396 2577 uia
1418 2533 1480 2577 non
1502 2512 1675 2577 derivatum
1700 2523 1769 2595 est,
1794 2513 1895 2601 ὀμόσει

693 2596 794 2664 9lacit
815 2604 846 2659 et
868 2591 938 2677 ἀρῶ
967 2592 1060 2679 ἆροῑς
1085 2591 1203 2679 ἆρόσω.
1247 2534 1343 2682 Αριιὲ
1361 2597 1495 2662 Graecos
1517 2619 1580 2663 non
1600 2596 1691 2662 laeile
1715 2601 1824 2685 prima
1843 2605 1895 2688 spl-

723 2680 792 2745 laba
809 2679 977 2764 praesentis
997 2687 1134 2745 mutatur
1152 2681 1183 2744 in
1204 2681 1318 2758 loturo,
1335 2682 1417 2768 quod
1437 2682 1610 2767 praemissis
1631 2685 1758 2767 patebit
1779 2689 1894 2772 regalis

721 2767 875 2829 Futurum
898 2764 979 2846 apud
1005 2764 1072 2828 illos
1095 2765 1230 2830 alteroe
1256 2766 1378 2831 duobus
1405 2767 1478 2832 locis
1505 2776 1661 2845 movetur,
1702 2779 1763 2837 aut
1793 2773 1896 2838 adtimo

722 2856 776 2915 aut
798 2847 996 2935 paenultimo.
1038 2847 1172 2914 Ultimus
1194 2849 1315 2915 duobus
1336 2850 1435 2915 modis
1460 2860 1615 2929 moretur,
1641 2861 1699 2918 aut
1724 2855 1830 2923 literis
1848 2866 1895 2924 aut

722 2942 867 2999 accentu:
903 2933 1016 3009 literis,
1040 2942 1076 2998 ut
1098 2931 1217 3018 γράφω
1242 2930 1377 3020 γράψω,
1406 2932 1517 3002 νύσσω
1537 2933 1645 3014 odeo:
1683 2952 1842 3021 accentu,
1867 2953 1898 3010 ut

674 3018 809 3101 lllvlpo
828 3018 931 3100 νεμῶ,
965 3015 1049 3102 δέρω
1071 3019 1163 3105 δερῶ.
1207 3021 1339 3086 Etcum
1362 3031 1504 3087 movetur
1526 3022 1669 3101 ultimus,
1709 3048 1778 3092 non
1802 3030 1898 3094 omni·

723 3105 815 3170 modo
836 3111 939 3169 movet
961 3104 1200 3189 paenultimam:
1233 3114 1335 3171 motus
1357 3115 1459 3171 autem
1484 3107 1690 3192 paenultimae
1714 3115 1899 3180 omnimodo

722 3191 862 3258 ultimam
885 3199 1001 3257 movet:
1029 3185 1149 3277 α’γείρω
1171 3187 1293 3277 ἄγερῶ,
1315 3192 1435 3275 prolem
1456 3194 1571 3274 μιανῶ.
1614 3193 1673 3258 llio
1694 3198 1786 3263 enim
1810 3201 1899 3268 etde

722 3276 910 3363 paenultima
935 3276 1090 3343 subtracta
1112 3285 1159 3345 est
1182 3279 1285 3357 litem,
1321 3286 1353 3343 et
1378 3277 1410 3342 in
1438 3277 1578 3343 ultimam
1605 3279 1718 3347 eccidit
1742 3295 1899 3353 accentus

790 3447 844 3499 ltu.
861 3447 908 3509 R]

720 3536 746 3582 l.
781 3532 814 3583 io
831 3532 991 3583 eontrarium
1008 3530 1111 3598 scripsi
1127 3547 1142 3581 c
1157 3530 1229 3583 coni.
1246 3531 1398 3600 Opsopoei,
1414 3530 1462 3597 qui
1483 3530 1591 3582 conlerl
1609 3529 1636 3582 id
1655 3532 1732 3598 quod
1752 3537 1897 3602 seqnitur:

720 3598 785 3649 boec
803 3599 835 3648 in
854 3614 886 3649 ee
902 3600 1043 3651 necessitas
1059 3600 1162 3650 redit.
1197 3602 1358 3652 eontrarium
1377 3606 1447 3660 (om.
1465 3601 1507 3659 in)
1528 3598 1631 3650 loddd’.
1656 3628 1692 3639 -
1712 3594 1808 3669 ἐγγυῶ
1826 3613 1895 3667 (on.

720 3669 759 3724 el)
778 3662 846 3714 Edu.
864 3690 897 3702 -
915 3660 1033 3715 πινᾶσω
1052 3665 1154 3717 Eddd’.
1305 3672 1332 3717 8.
1366 3665 1502 3733 deiparae
1519 3683 1573 3717 om.
1593 3668 1676 3735 p2·lr;
1698 3674 1895 3736 reponendum

720 3746 784 3781 aeae
803 3729 873 3779 vitta
889 3730 973 3781 zoua.
999 3759 1027 3770 -
1053 3731 1182 3783 ome..
1203 3731 1379 3784 ΟΜΟΙΣ..
1399 3733 1546 3785 ΟΜΟΣΩ
1564 3732 1593 3784 P·
1634 3726 1698 3800 ripa?
1716 3770 1745 3787 ·.
1765 3732 1894 3804 ὅμοῑς..

722 3792 817 3861 ὁμόσω
835 3796 904 3846 Edd.
1056 3802 1098 3847 10.
1135 3799 1266 3850 ΜΑΙΝΩ
1286 3800 1403 3853 MANsa
1425 3800 1456 3853 P.
1492 3800 1547 3853 Sed
1565 3801 1602 3852 cl.
1621 3801 1635 3868 5
1655 3805 1696 3853 11.
1718 3830 1757 3843 —
1781 3807 1811 3859 irc
1829 3809 1895 3862 ulti.

720 3880 791 3916 mom
808 3862 910 3915 residit
928 3862 1001 3914 coni.
1025 3863 1111 3915 Zeun.

720 4014 772 4068 tias
808 4013 858 4067 sed
881 4013 955 4066 haud
977 4018 1054 4065 reeta
1075 4013 1211 4082 scriplum
1235 4021 1280 4069 eet
1328 4017 1362 4067 ad
1382 4015 1537 4084 Phrynich.
1554 4034 1579 4083 p.
1596 4019 1671 4068 Mc
1704 4018 1785 4081 „Pro
1802 4017 1895 4105 πεινή-

720 4078 847 4151 papien.
891 4082 1074 4135 Stntnandnm
1110 4089 1153 4135 eet
1185 4083 1279 4151 potius
1328 4095 1367 4133 oo
1385 4084 1471 4135 etlam
1494 4083 1619 4136 nonnulli
1645 4086 1895 4152 labenteGrueer·

719 4152 796 4205 uliud
817 4152 930 4203 verbum
954 4150 1108 4215 excidisse,
1143 4157 1174 4203 nt
1190 4150 1279 4217 στορῶ
1329 4146 1519 4203 tateueceaion
1536 4151 1675 4214 dixerant,
1694 4155 1769 4219 qnod
1789 4156 1894 4209 Dorice

720 4216 846 4286 στορέσω.
880 4219 1001 4271 Verbum
1020 4219 1110 4301 ipsam
1129 4218 1207 4287 φορῶ
1231 4217 1279 4270 hic
1327 4218 1415 4288 τροπῇ
1444 4218 1575 4271 effectam
1606 4220 1720 4272 trudunt
1743 4239 1893 4289 gramma-

719 4287 841 4353 poaitum
858 4303 910 4339 aaa
930 4286 1017 4338 luisse
1034 4287 1098 4337 inde
1116 4286 1278 4353 collegeris,
1328 4284 1387 4336 tici.
1422 4284 1452 4335 V.
1471 4286 1563 4353 Etym.
1581 4303 1606 4337 ε.
1623 4304 1649 4338 v.
1669 4283 1773 4357 βοήσω,
1797 4291 1893 4345 Draco

718 4352 1277 4421 qarodhoepraemiuononaliisopuc
1327 4368 1353 4417 p.
1374 4355 1414 4401 ld.
1449 4352 1545 4405 schol.
1569 4353 1596 4405 in
1615 4354 1843 4409 Dion.Graanrn.
1865 4377 1892 4426 p.

719 4426 780 4473 erat
799 4419 893 4471 verbis
910 4420 1011 4484 quilius
1029 4422 1194 4485 probaretur
1212 4437 1276 4484 non,
1326 4421 1407 4469 801.“
1427 4423 1480 4470 otc.
1499 4449 1532 4459 -
1551 4422 1629 4473 Haec
1648 4422 1785 4490 leguntur
1804 4425 1833 4477 ἰιι
1854 4427 1892 4478 Η.
1968 4439 1970 4452 ·

718 4485 846 4555 quotiens
876 4485 970 4538 brari·
1001 4493 1077 4538 asset
1105 4487 1277 4555 paenultima
1326 4485 1424 4554 steph.
1443 4486 1532 4540 Thes.
1554 4490 1603 4540 Gr.
1626 4488 1657 4540 u.
1679 4506 1702 4542 a.
1719 4507 1747 4540 v.
1774 4489 1892 4559 πεινᾶω,

717 4550 890 4621 praesentis,
924 4553 950 4605 E
966 4558 1029 4605 ante
1049 4554 1076 4606 Ω
1093 4571 1156 4608 cue
1181 4554 1208 4607 in
1231 4555 1276 4607 lu·
1325 4552 1373 4604 utri
1396 4554 1509 4606 additur
1526 4555 1663 4607 Choerob.
1682 4556 1710 4608 ia
1728 4557 1844 4611 Theod.
1861 4578 1890 4628 p.

719 4631 791 4673 toro·
826 4619 1083 4673 dlonrninoillnm
1101 4621 1278 4674 observatio·
1326 4624 1390 4683 655,
1415 4625 1440 4671 d.
1479 4621 1615 4675 Futurum
1648 4619 1757 4691 arpano
1786 4634 1891 4681 neutro

718 4703 796 4749 nom,
814 4687 944 4751 quotiens
962 4688 990 4741 in
1011 4689 1104 4742 loturo
1123 4690 1148 4740 E
1165 4695 1230 4741 ante
1249 4690 1277 4742 ld
1326 4688 1388 4739 loco
1407 4698 1650 4744 commemoratur.

717 4760 850 4823 ponatur,
884 4755 997 4807 brevem
1027 4773 1090 4808 enne
1118 4756 1276 4823 praesentis
1358 4787 1411 4854 ἕω]
1434 4805 1473 4839 w·
1490 4788 1601 4852 pomp,
1625 4789 1698 4855 quod
1715 4794 1760 4842 „t
1776 4789 1890 4845 inteni-

716 4820 1034 4943 ffiffaeffimafflffisti
1049 4840 1133 4955 &22:⁰2
1160 4824 1275 4876 ΜΨ
1324 4854 1447 4922 gendum
1464 4872 1497 4908 ex
1515 4857 1690 4909 antecedenti
1704 4858 1804 4911 Derim
1814 4870 1888 4916 ml.

749 4995 775 5041 7.
809 4981 930 5055 κεράσω]
965 4986 1025 5038 Hoc
1054 4987 1102 5038 ubi
1131 4985 1275 5055 significet

714 5058 847 5119 transila,
864 5072 883 5106 α
901 5054 1005 5106 habere
1022 5054 1202 5121 prodactam,
1222 5057 1271 5108 aad

713 5121 1126 5261 tttttl‘2lritll÷:}t¹¹³⁶⁰⁰‘
1149 5124 1260 5177 ''m''

1357 4958 1382 5006 9.
1418 4954 1488 5021 qood
1506 4957 1660 5022 praenimis
1678 4957 1780 5024 patebit
1802 4976 1885 5030 regu-

1323 5022 1368 5087 lis]
1393 5023 1468 5083 „ant
1483 5024 1595 5091 corrige
1611 5026 1811 5092 posterioritas,
1836 5033 1889 5081 nat

1323 5095 1413 5151 certe,
1436 5090 1509 5155 qnod
1529 5107 1597 5142 sana
1623 5092 1705 5158 poulo
1723 5092 1824 5146 durinc
1842 5094 1887 5147 si-

1321 5224 1389 5276 ler.“
1406 5223 1491 5275 Znnn.
1512 5253 1538 5262 -
1559 5225 1723 5294 lntelligaa:
1750 5231 1886 5294 „quando

747 5287 864 5344 πεινάσω
887 5299 911 5344 cl
933 5283 1054 5358 διψάσω]
1081 5288 1123 5345 cl.
1147 5291 1270 5347 Labecia.
1321 5294 1403 5343 erant
1421 5290 1595 5357 praemissae
1612 5295 1760 5362 regulae.“

1263 5164 1271 5192 ’
1322 5155 1417 5220 detur,
1453 5156 1676 5224 interpretabere
1699 5176 1750 5226 per
1772 5178 1887 5228 aequen-
1977 5167 1979 5172 '
