5092 6425
809 886 946 955 COMM.
967 887 1012 956 IN
1034 885 1161 957 SOMN.
1183 884 1282 953 SCIP.
1324 887 1401 952 LIB.
1425 889 1445 952 l.
1488 887 1578 956 CAP.
1598 890 1684 959 xnt
1772 893 1833 961 109

660 1061 709 1125 bis
731 1066 852 1124 constat
873 1059 935 1124 vita
957 1078 1017 1142 qua
1038 1056 1179 1122 fruimur.
1241 1055 1441 1123 Conversatio
1461 1065 1566 1123 tamen
1585 1067 1690 1127 nostra
1708 1070 1741 1129 et
1760 1067 1882 1151 pro-24

660 1152 771 1212 ventus
793 1151 917 1208 actuum
939 1152 1001 1207 tam
1023 1142 1061 1206 ad
1086 1143 1150 1227 ipsa
1173 1142 1235 1206 duo
1260 1143 1378 1209 lumina
1403 1163 1495 1229 quam
1517 1144 1555 1208 ad
1578 1145 1716 1233 qrdnque
1740 1170 1831 1235 vagas
1899 1202 1901 1209 .

662 1232 765 1296 stellas
794 1228 941 1293 relertur:
981 1227 1033 1292 sed
1056 1227 1166 1290 barum
1193 1227 1352 1292 stellarum
1373 1228 1447 1293 alias
1470 1229 1661 1297 interventus
1686 1252 1832 1301 nurnero-

661 1339 730 1382 rum
752 1335 886 1400 quorum
909 1333 1000 1397 supra
1022 1312 1150 1376 lecimus
1172 1313 1360 1376 mentionem
1380 1334 1451 1378 cum
1472 1313 1640 1381 luminibus
1659 1316 1741 1384 ¹bone
1762 1318 1831 1385 iun-

661 1402 705 1486 git
722 1422 757 1465 ac
777 1399 883 1476 sociat,
905 1398 979 1461 alias
995 1397 1099 1461 nullus
1118 1398 1249 1481 applicat
1266 1398 1387 1462 numeri
1406 1419 1503 1463 nesus
1521 1399 1558 1465 ad
1579 1400 1704 1467 luminu.
1727 1404 1881 1490 Ergobb

662 1487 794 1552 Veneria
815 1492 847 1548 et
867 1483 989 1548 lovialis
1012 1483 1098 1546 stella
1118 1503 1173 1567 per
1192 1482 1249 1546 hos
1271 1504 1417 1548 numeros
1439 1483 1548 1548 lumini
1569 1486 1694 1570 utrique
1712 1489 1831 1554 socian-
1857 1504 1861 1513 ’

663 1580 727 1638 tur:
765 1569 819 1635 sed
841 1568 964 1634 Iovialis
986 1569 1043 1631 soli
1065 1588 1121 1651 per
1143 1588 1267 1644 omnes,
1294 1568 1385 1633 lunae
1406 1590 1479 1634 vcro
1499 1590 1555 1653 per
1576 1570 1695 1654 plures,
1716 1580 1748 1637 et
1768 1576 1882 1654 Vc·[os]

662 1657 746 1721 neria
781 1655 874 1720 lunae
904 1674 959 1738 per
994 1674 1117 1728 omnes,
1159 1653 1216 1716 soli
1246 1672 1301 1736 per
1330 1654 1434 1738 plures
1463 1675 1609 1719 numeros
1639 1668 1830 1742 aggregatur.

661 1743 750 1817 Hinc,
772 1740 845 1804 licet
862 1747 993 1823 unaque
1011 1737 1147 1802 benefica
1167 1737 1319 1815 credatur,
1341 1739 1424 1805 Iovis
1444 1746 1548 1803 tamen
1567 1741 1654 1804 stella
1673 1763 1742 1806 cum
1764 1745 1828 1810 sole

661 1824 921 1892 accommodatior
939 1829 1001 1900 ost,
1038 1830 1070 1887 et
1090 1823 1223 1888 Veneria
1245 1843 1315 1886 cum
1335 1825 1422 1887 luna:
1463 1832 1558 1910 atque
1579 1824 1650 1890 ideo
1672 1827 1752 1892 vitae
1774 1851 1829 1895 no-

662 1919 743 1976 strae
763 1910 859 1994 magis
881 1907 1091 1983 commodant,
1114 1909 1201 1992 quasi
1225 1908 1393 1973 luminibus
1412 1907 1492 1974 vitae
1512 1918 1636 1976 nostrae
1653 1913 1829 1980 auctoribus

663 2016 861 2061 numeromm
884 1994 1004 2058 ratione
1024 1992 1201 2057 concordes.
1253 1986 1382 2057 Saturni
1405 2001 1508 2058 autem
1530 1995 1703 2081 Martisque
1723 2001 1829 2065 stellae
1837 2006 1880 2071 26

661 2083 704 2146 ita
724 2102 788 2145 nou
809 2079 926 2145 babent
945 2099 1016 2142 cum
1034 2077 1202 2142 luminibus
1221 2078 1458 2162 conpetentiam,
1477 2086 1515 2143 ut
1534 2086 1639 2144 tamen
1657 2082 1759 2167 aliqua
1779 2086 1828 2150 vel

662 2174 800 2230 extrema
822 2184 1022 2229 numerorum
1045 2163 1124 2228 linea
1147 2163 1298 2227 Saturnus
1320 2162 1358 2225 ad
1380 2162 1492 2238 solem,
1529 2163 1616 2228 Mars
1641 2167 1768 2251 aspiciat
1790 2170 1828 2233 ad

663 2251 779 2314 lunam.
820 2249 893 2314 Ideo
914 2248 1017 2315 minus
1036 2247 1189 2313 commodi
1209 2246 1289 2312 vitae
1310 2246 1464 2311 humanae
1484 2246 1713 2326 existimantur,
1740 2255 1828 2338 quasi

664 2356 735 2399 cum
755 2334 834 2400 vitae
860 2334 1036 2399 auctoribus
1063 2342 1128 2398 arta
1154 2352 1354 2396 numerorum
1379 2331 1498 2395 ratione
1527 2354 1589 2396 non
1617 2334 1721 2398 iuncti.
1765 2338 1830 2403 Cur

663 2428 766 2484 tamen
788 2425 819 2482 et
840 2418 897 2503 ipsi
918 2438 1149 2502 nonnumquam
1175 2437 1250 2564 opes
1274 2417 1322 2481 vel
1348 2416 1515 2481 claritatem
1537 2416 1715 2484 bominibus
1742 2443 1829 2506 prac-

663 2513 744 2568 stare
765 2502 941 2581 credantur,
972 2504 1010 2568 ad
1031 2505 1162 2573 alterum
1208 2502 1279 2565 obet
1301 2503 1454 2585 pertinere
1475 2510 1653 2580 tractatum,
1685 2506 1758 2590 quia
1779 2508 1828 2572 bic

662 2588 774 2654 sufficit
793 2589 949 2672 aperuisse
972 2589 1139 2662 rationem,
1161 2607 1217 2651 cur
1237 2586 1296 2650 alia
1315 2586 1461 2651 terribilis
1481 2587 1540 2650 alia
1561 2589 1702 2653 salutaris
1724 2592 1828 2658 existi·

663 2683 772 2739 mctur.
830 2675 873 2739 Et
895 2674 1037 2737 Plotinus
1058 2672 1182 2758 quidem
1207 2673 1237 2735 in
1259 2672 1338 2736 libro
1361 2672 1414 2758 qui
1438 2672 1626 2737 inscribitur:
1658 2675 1697 2741 si
1710 2679 1877 2761 sccr‘untd'l

661 2773 751 2835 ostro,
771 2759 951 2843 pronuntiat
973 2758 1048 2822 nihil
1072 2758 1100 2822 vi
1124 2758 1172 2822 vel
1195 2765 1347 2842 potestate
1369 2778 1477 2822 eorum
1497 2757 1674 2823 bominibus
1694 2765 1827 2843 evenire,

660 2845 711 2909 scd
737 2866 772 2909 ea
795 2865 874 2929 quae
896 2844 1009 2908 decreti
1034 2843 1198 2907 necessitas
1219 2843 1250 2905 in
1272 2843 1409 2926 singulos
1431 2843 1542 2919 sancit,
1576 2845 1618 2907 ita
1640 2866 1694 2929 per
1714 2847 1826 2914 borum

660 2937 776 3014 septem
799 2929 963 2993 transitum
987 2929 1150 2994 stationem
1177 2948 1369 2993 recessumve
1391 2928 1571 3006 monstrari,
1611 2938 1647 2993 ut
1674 2951 1744 2996 aves
1771 2956 1828 3000 seu

659 3014 912 3100 praetervolando
938 3035 993 3079 seu
1020 3013 1129 3078 stando
1156 3011 1259 3078 lutura
1285 3013 1394 3098 pennis
1415 3013 1462 3079 vel
1486 3034 1559 3079 voce
1584 3013 1756 3098 significant
1774 3041 1827 3085 ne·

1456 3220 1540 3281 [Edd.
1559 3218 1760 3288 vieubgspdzb.

589 3298 592 3305 ’
627 3305 632 3317 “
659 3306 752 3373 dycon
770 3306 798 3357 S.
822 3334 849 3343 —
867 3308 1027 3375 globositate
1048 3308 1085 3358 ad
1102 3323 1150 3358 nos
1174 3305 1207 3357 F.
1365 3305 1408 3355 24.
1442 3312 1548 3355 actuum
1564 3313 1751 3357 aestrorum
1775 3309 1828 3363 Hl.

659 3400 692 3411 -
710 3375 846 3425 stellarum
862 3377 933 3426 alias
948 3377 1109 3428 interventus
1131 3375 1210 3426 llaec
1227 3371 1256 3425 in
1273 3371 1297 3422 B
1315 3372 1407 3439 prima
1421 3373 1506 3422 verba
1530 3377 1595 3422 sunt
1615 3378 1680 3437 post
1697 3388 1827 3441 magnam

658 3439 739 3490 iilum
762 3442 891 3491 lacunam
911 3443 950 3505 (v.
975 3460 998 3492 c.
1023 3446 1067 3504 12,
1098 3442 1111 3509 5
1137 3442 1203 3506 14.).
1229 3469 1257 3479 -
1285 3438 1377 3508 supra]
1397 3438 1410 3504 5
1428 3442 1471 3490 21.
1487 3465 1528 3519 1-
1559 3439 1639 3489 alias
1658 3440 1710 3489 Rl.
1735 3470 1767 3480 -
1795 3462 1827 3497 aa

659 3514 753 3557 sonat
770 3507 820 3556 Rl.
839 3535 873 3545 -
889 3510 965 3559 ualli
982 3510 1092 3576 aplicat
1110 3510 1160 3560 Rl.
1178 3537 1212 3547 -
1230 3525 1349 3560 venerea
1367 3506 1468 3571 (etiam
1487 3504 1575 3571 satra)
1594 3507 1675 3574 v-gb.

658 3577 699 3621 25.
737 3574 826 3641 magis
844 3578 1049 3629 accommodant
1065 3593 1092 3640 u,
1108 3578 1181 3644 quod
1197 3575 1317 3641 corrigit
1333 3575 1407 3627 Mod.
1426 3572 1457 3625 N.
1477 3572 1507 3624 b.
1527 3590 1555 3639 p·
1572 3576 1629 3625 164.
1663 3590 1737 3643 mag.
1755 3593 1827 3630 ccm-

659 3640 810 3691 morlaatar
834 3640 888 3693 Ta.
1040 3649 1082 3696 26.
1120 3645 1240 3713 aspiciet
1266 3644 1325 3697 BG.
1358 3642 1492 3711 respiciat
1511 3641 1583 3693 Bra.
1613 3669 1648 3680 —
1674 3651 1735 3696 urta
1757 3644 1826 3698 blas.

659 3714 687 3758 et
705 3708 744 3757 1²4
761 3710 883 3775 „dngl.“
919 3720 1004 3763 arcta
1029 3730 1097 3780 v-g.
1127 3721 1199 3780 apta
1223 3712 1280 3764 s·b.
1432 3713 1475 3762 21.
1512 3709 1718 3770 Plotiamiom.
1736 3717 1775 3773 et]
1793 3713 1826 3767 F.

657 3800 689 3812 -
711 3776 735 3826 si
742 3778 850 3840 saciant
873 3777 1001 3830 Bi-bCG.
1047 3782 1095 3832 sic
1108 3781 1217 3844 faciant
1239 3778 1406 3832 Fsssssvffl
1424 3778 1551 3844 „sngt.“
1570 3806 1604 3817 -
1624 3777 1694 3830 nibil
1712 3780 1789 3846 (aad.
1809 3797 1827 3835 tt

658 3859 712 3893 sec.
732 3860 766 3894 m.
782 3847 823 3904 vi)
842 3845 871 3898 G.
890 3849 987 3898 -sed
1005 3865 1073 3914 quac
1088 3854 1162 3913 (sup.
1180 3849 1243 3899 add.
1261 3852 1307 3908 ea)
1324 3847 1374 3897 Rs.
1391 3874 1425 3886 -
1442 3863 1537 3899 eorum
1552 3853 1651 3914 septem
1668 3845 1700 3896 (l.
1722 3875 1750 3886 -
1768 3857 1827 3904 sttr-

657 3913 753 3962 tionem
769 3928 928 3966 recessamee
946 3915 1257 3967 emmerammum.
1292 3916 1412 3970 statione
1427 3930 1570 3968 secessisse
1587 3913 1703 3967 GFEdd.
1724 3942 1758 3955 -
1778 3917 1828 3972 ait

656 4106 725 4160 dicit
740 4110 753 4175 ᾗ
773 4114 827 4174 12,
845 4114 951 4164 densius
968 4129 1062 4180 corpus
1078 4113 1123 4176 sit,
1136 4129 1216 4179 quam
1266 4111 1367 4164 luisse:
1385 4112 1440 4163 alio
1454 4111 1592 4177 pertinere.
1607 4173 1615 4187 .
1628 4108 1758 4189 ueterum
1775 4113 1826 4164 ob·

656 4186 742 4227 cetera
759 4180 893 4231 caelestia.
1267 4194 1363 4239 serva,
1395 4179 1425 4239 l,
1452 4181 1498 4235 12,
1524 4178 1565 4224 14.
1588 4173 1644 4224 dtur
1664 4176 1691 4225 in
1710 4177 1825 4230 Saturni

688 4247 731 4293 st.
772 4244 949 4309 conversatio]
980 4248 1023 4294 est
1040 4243 1115 4295 ritae
1132 4243 1215 4295 ratio.
1265 4246 1390 4310 sphaera
1418 4242 1541 4293 animam
1566 4240 1683 4291 inducre
1710 4243 1825 4296 ratioci-

655 4309 699 4360 Cl.
720 4310 830 4373 Ulpian.
850 4313 913 4377 big.
929 4312 952 4370 l,
972 4316 1014 4369 16,
1033 4316 1056 4361 9.
1066 4313 1159 4377 filiam
1265 4311 1407 4362 nationem
1421 4314 1450 4358 et
1462 4308 1692 4375 intelligentiam,
1704 4309 1734 4362 in
1746 4311 1825 4364 Mar-

656 4376 701 4439 pui
718 4392 779 4436 noa,
794 4384 823 4426 ut
838 4383 947 4443 oportet,
965 4380 1156 4432 conversari
1172 4380 1215 4430 di·
1265 4379 1313 4440 tis,
1328 4374 1517 4428 animositatis
1533 4376 1671 4428 ardorem.

656 4448 741 4490 catur.
910 4457 914 4464 ·
1298 4448 1342 4495 st.
1379 4445 1410 4494 Si
1420 4445 1530 4509 faciest
1547 4444 1633 4510 astra]
1651 4443 1756 4497 Plotini
1768 4446 1826 4499 En·

689 4509 731 4556 25.
767 4506 840 4557 citae
862 4514 968 4558 nostrae
991 4509 1081 4576 magis
1102 4528 1214 4562 commc-
1265 4514 1346 4563 need.
1372 4511 1408 4561 ll.
1435 4511 1509 4563 liber
1529 4511 1581 4563 lll.
1610 4512 1774 4566 inscribitur
1801 4516 1828 4568 εἰ

656 4573 734 4637 dant]
754 4572 795 4623 ct.
812 4574 825 4638 5
842 4578 882 4623 26.
898 4576 986 4625 minas
1000 4578 1155 4629 commodi
1172 4579 1214 4629 ei·
1264 4582 1339 4630 ποιεῖ
1354 4573 1389 4629 eol
1407 4571 1509 4645 ἄστρα,
1531 4580 1603 4645 qaod
1622 4582 1708 4634 vertit
1725 4582 1825 4635 Fabri·
1856 4600 1860 4607 ·

655 4650 700 4694 tae
716 4642 849 4692 humanae
871 4642 1064 4694 existimantur.
1266 4646 1340 4697 cius:
1384 4648 1476 4699 Utrum
1495 4647 1588 4699 mellae
1606 4647 1711 4718 aliquid
1728 4661 1824 4720 agunt.

689 4713 732 4759 26.
769 4718 831 4760 arta
851 4726 1017 4760 numerorum
1039 4710 1142 4760 ratione
1162 4728 1215 4762 aaa
1265 4714 1326 4764 Vid.
1347 4715 1454 4764 netad
1474 4730 1498 4764 e.
1518 4715 1634 4781 it,§¹t.

655 4775 746 4842 iuncti]
774 4777 893 4838 dicitur,
928 4783 959 4828 ut
981 4776 1053 4828 alius
1083 4777 1155 4839 (Cic.
1179 4780 1214 4829 ud
1300 4782 1398 4833 decreti
1413 4781 1565 4848 necessitas]
1591 4781 1633 4834 (ll.
1650 4781 1708 4835 sat.
1724 4785 1759 4849 V,
1780 4791 1822 4851 16,

655 4847 710 4894 stt.
738 4842 786 4910 tt,
818 4850 842 4895 2.
868 4846 930 4908 ab),
966 4845 1134 4897 artissima
1155 4847 1214 4898 via·
1264 4852 1291 4899 8,
1308 4850 1452 4901 Fortunam
1466 4851 1594 4902 Homerus
1608 4853 1708 4904 nescire
1719 4855 1823 4917 maluit,

656 4912 725 4961 calc.
1265 4924 1291 4967 et
1308 4917 1360 4967 soli
1376 4917 1517 4981 decreto,
1555 4935 1634 4984 quam
1652 4921 1754 4984 μοῖραν
1774 4940 1822 4973 vo·

690 4979 727 5028 ad
744 4978 857 5028 alterum
874 4978 947 5029 debet
963 4980 1094 5045 pertinere
1112 4986 1214 5032 tracta·
1264 4991 1316 5044 cat,
1336 4986 1425 5035 omnia
1442 4986 1561 5053 regenda
1579 4988 1723 5038 committit.

655 5044 720 5110 tuas]
750 5045 814 5095 Noli
841 5046 913 5095 lraec
941 5048 1047 5097 referre
1074 5047 1110 5098 ud
1138 5064 1213 5098 corn·
1298 5051 1390 5101 boram
1410 5053 1517 5118 septem]
1548 5053 1566 5103 i.
1591 5071 1615 5104 e.
1641 5056 1757 5104 duorum
1779 5054 1822 5104 lu·

655 5112 855 5163 mentatiorum
873 5113 977 5165 librum
996 5114 1032 5179 11,
1052 5130 1116 5166 num
1133 5114 1160 5165 in
1181 5132 1213 5166 co
1263 5117 1369 5169 minum
1388 5125 1415 5169 et
1433 5120 1554 5185 quinque
1571 5135 1707 5186 vagarum
1724 5120 1825 5171 stella·

655 5178 729 5228 nihil
764 5179 900 5231 eiusmodi
933 5181 1047 5248 legitur.
1099 5182 1213 5233 Videtur
1263 5202 1334 5250 rum.
1375 5185 1451 5238 lniro
1475 5188 1517 5237 lsic
1542 5196 1585 5239 est
1607 5187 1745 5254 luppiter,
1775 5188 1822 5240 ille

655 5243 817 5296 Macrobius
834 5246 863 5298 in
878 5247 1038 5302 universum
1052 5248 1147 5301 dicore
1164 5266 1211 5303 vo·
1262 5252 1350 5305 Mars.
