5092 6425
801 905 939 974 COMM.
959 906 1004 973 IN
1026 903 1153 973 SOMN.
1175 903 1273 971 SCIP.
1316 903 1392 969 LIB.
1413 905 1453 970 11.
1495 905 1584 974 CAP.
1605 909 1643 975 V.
1747 907 1809 974 155

640 1098 723 1154 mus,
755 1098 845 1142 nosse
867 1075 1062 1161 cupientibus
1084 1074 1321 1158 intellegendam
1347 1074 1481 1160 reliquit
1523 1076 1573 1140 De
1595 1076 1733 1163 quinque
1754 1100 1808 1144 au·
1838 1082 1857 1146 7

639 1172 702 1228 tem
726 1163 855 1248 cingulis
876 1183 930 1237 ne,
961 1181 1093 1246 quaeso,
1123 1162 1267 1225 aestimes
1290 1161 1422 1226 duorum
1444 1163 1602 1227 Romanae
1625 1163 1859 1255 facundiaeque]

640 1257 804 1334 parentum
824 1247 962 1312 Maronis
985 1255 1016 1310 et
1037 1245 1130 1310 Tullii
1158 1246 1320 1310 dissentire
1345 1246 1530 1325 doctrinam,
1571 1269 1641 1313 cum
1664 1248 1714 1313 hic
1736 1249 1810 1334 ipsis

638 1337 767 1419 cc'nptrlis
787 1345 899 1397 terram
918 1333 1087 1396 redimitam
1108 1331 1202 1407 dicat,
1242 1331 1294 1396 ille
1315 1331 1412 1396 isdem
1439 1353 1515 1417 quas
1537 1333 1656 1400 Graeco
1684 1335 1809 1400 nomine

639 1443 731 1484 zonas
753 1427 841 1484 vocat
864 1417 984 1481 adserat
1011 1419 1124 1481 coelunt
1143 1418 1254 1482 teneri:
1292 1426 1460 1502 utrumque
1488 1419 1570 1483 enim
1598 1420 1809 1505 incorruptam

638 1524 804 1589 veramque
835 1524 891 1567 nec
925 1502 1013 1567 alteri
1044 1503 1227 1566 contrariam
1263 1503 1406 1567 retulisse
1439 1504 1589 1569 rationem
1623 1506 1809 1591 procedente

638 1589 845 1672 disputatione
868 1588 1030 1652 constabit.
1073 1587 1133 1652 Sed
1156 1597 1192 1652 ut
1214 1588 1318 1652 omnia
1340 1608 1420 1673 quae
1442 1588 1501 1653 boc
1527 1590 1595 1654 loco
1617 1591 1808 1676 esplananda
1837 1590 1859 1658 8

636 1675 808 1760 recepimus
831 1674 949 1759 liquere
971 1672 1098 1757 possint,
1121 1672 1282 1738 habendus
1298 1682 1346 1738 est
1365 1673 1500 1759 primum
1520 1695 1622 1741 sermo
1644 1677 1682 1741 de
1703 1677 1809 1761 cingu-

638 1760 691 1824 lis:
727 1760 801 1846 quia
829 1761 891 1824 situ
920 1779 1028 1823 eorum
1049 1765 1120 1822 ante
1146 1759 1252 1823 oculos
1273 1758 1373 1823 locato
1399 1767 1501 1825 cetera
1522 1769 1615 1825 erunt
1639 1761 1809 1827 intellectui

638 1846 794 1930 proniora.
843 1843 935 1908 Prius
958 1850 1061 1908 autem
1083 1844 1216 1928 qualiter
1235 1851 1350 1908 terram
1372 1853 1537 1922 coronent,
1569 1845 1680 1912 deinde
1702 1868 1809 1932 quem·

639 1929 805 1996 admodum
826 1929 944 1993 caelum
964 1935 1105 2005 teneant,
1141 1929 1354 2013 explicandum
1376 1938 1431 1995 est
1488 1933 1583 1996 Terra
1602 1932 1686 1997 nona
1710 1940 1742 1997 et
1762 1932 1809 1997 ul·
1836 1932 1858 1998 ll

637 2016 713 2079 tima
735 2015 863 2099 spbaera
887 2023 943 2078 est.
988 2015 1076 2079 Hanc
1099 2013 1208 2080 dividit
1234 2015 1378 2091 horizon,
1415 2015 1446 2079 id
1473 2024 1521 2081 est
1545 2016 1645 2082 finalis
1666 2017 1809 2096 circulus,

638 2101 676 2165 de
699 2121 762 2185 quo
785 2109 857 2164 ante
876 2098 1056 2164 retulimus:
1093 2120 1167 2185 ergo
1191 2101 1339 2165 medietas
1366 2100 1453 2165 cuius
1480 2108 1598 2186 partem
1625 2124 1681 2166 nos
1702 2103 1810 2168 incoli-

638 2208 707 2250 mus
728 2187 786 2250 sub
810 2206 847 2250 eo
870 2186 954 2250 caelo
980 2187 1128 2270 estquod
1151 2184 1244 2250 luerit
1269 2193 1513 2270 superterram,
1552 2188 1721 2273 etreliqua
1744 2208 1809 2252 mc·

638 2271 735 2335 dietas
757 2272 814 2335 sub
835 2270 888 2336 illo
912 2270 1088 2357 quoddam
1111 2271 1245 2337 volvitur
1266 2270 1305 2334 ad
1327 2292 1362 2336 ea
1383 2270 1449 2336 loca
1468 2292 1548 2357 quae
1565 2271 1603 2336 ad
1626 2294 1681 2337 nos
1704 2272 1809 2338 viden·

638 2365 690 2422 tur
710 2355 855 2421 inferiora
877 2355 1048 2421 descendit:
1077 2355 1109 2419 in
1131 2356 1233 2421 medio
1258 2356 1341 2420 enirn
1362 2356 1460 2421 locata
1480 2378 1518 2422 ex
1538 2357 1623 2422 omni
1645 2378 1701 2423 sua
1721 2365 1810 2442 parte

638 2443 756 2507 caelum
779 2442 916 2527 suspicit,
969 2441 1070 2506 Huius
1091 2440 1185 2526 igitur
1204 2441 1242 2506 ad
1262 2443 1381 2507 caelum
1403 2442 1550 2518 brevitas,
1585 2443 1635 2507 cui
1657 2441 1859 2528 punctum10

640 2535 701 2604 est,
737 2527 775 2592 ad
797 2549 853 2592 nos
876 2547 950 2593 vero
972 2526 1111 2592 inmensa
1133 2527 1315 2612 globositas,
1349 2527 1548 2612 distinguitur
1573 2528 1648 2593 locis
1672 2529 1754 2594 inter
1774 2550 1808 2594 se

638 2614 772 2680 vicissim
794 2613 908 2699 pressis
934 2612 1092 2677 nimietate
1116 2613 1164 2678 vel
1186 2613 1307 2698 frigoris
1333 2613 1379 2678 vel
1410 2613 1520 2678 caloris
1544 2614 1698 2698 geminam
1721 2621 1810 2679 nacta

638 2699 719 2764 inter
743 2699 861 2765 diversa
886 2698 1077 2784 temperiem.
1119 2700 1198 2766 Nam
1220 2708 1252 2764 et
1271 2698 1519 2785 septentrionalis
1539 2709 1571 2764 et
1591 2700 1732 2765 australis
1756 2700 1855 2764 ex-ll

638 2785 776 2851 tremitas
799 2792 948 2872 perpetua
968 2783 1173 2870 obriguerunt
1195 2785 1321 2873 pruina,
1361 2792 1393 2850 et
1414 2784 1446 2849 bi
1466 2785 1552 2852 velut
1570 2784 1633 2851 duo
1651 2794 1724 2851 sunt
1744 2786 1808 2851 cin·

1433 2954 1519 3017 [Edd.
1538 2953 1742 3023 ricobgspdcb.

638 3045 663 3090 1.
699 3036 891 3090 circulieCF.
913 3062 947 3075 -
971 3037 1149 3089 extimeevl.
1186 3037 1455 3107 existimastis-g.
1477 3066 1513 3076 -
1537 3037 1665 3092 duaeF.
1686 3070 1720 3079 —
1745 3039 1811 3109 ipsit

639 3123 694 3158 om.
711 3107 761 3156 Rl.
785 3130 819 3143 -
843 3105 960 3155 circulis
975 3103 1006 3154 C.
1029 3133 1063 3141 —-
1085 3105 1141 3170 ille]
1160 3105 1264 3172 Georg.
1283 3107 1312 3166 l,
1326 3109 1388 3156 23³.
1404 3134 1439 3143 —
1457 3106 1569 3156 biedcan
1588 3104 1662 3160 clu.
1679 3134 1712 3147 -
1733 3115 1811 3161 vocat

640 3174 704 3227 odd.
725 3188 741 3224 a
764 3189 819 3224 sec.
844 3188 881 3224 m.
902 3170 933 3223 0.
954 3198 989 3209 -
1013 3179 1044 3225 et
1061 3189 1150 3225 veram
1173 3171 1203 3223 F.
1228 3200 1261 3210 —
1281 3167 1438 3241 procedente
1454 3173 1575 3225 ratione
1600 3172 1632 3224 F.
1783 3179 1802 3226 8

637 3243 727 3310 primo
746 3242 798 3291 Rl.
816 3268 850 3281 -
866 3240 987 3309 singulis
1004 3246 1081 3306 (sup.
1098 3256 1115 3291 a
1133 3256 1190 3291 sec.
1208 3256 1244 3291 m.
1263 3242 1338 3301 circ.)
1356 3240 1386 3291 C.
1404 3269 1439 3280 -
1453 3247 1530 3293 erunt
1546 3248 1632 3292 cetero
1650 3241 1701 3292 112.
1734 3242 1766 3293 In
1784 3243 1809 3293 B

640 3319 725 3361 cetera
747 3324 764 3359 u
786 3325 841 3359 sec.
863 3324 898 3357 m.
919 3308 982 3358 add.
1000 3316 1065 3373 post
1082 3308 1234 3362 intellectui.
1252 3336 1287 3347 —
1309 3309 1447 3361 intellectu
1465 3310 1708 3426 rqidisprimuc
1731 3310 1774 3360 Ra
1792 3326 1810 3362 u

660 3394 731 3438 .rn.,
753 3375 958 3440 11.-11110116]
979 3391 1002 3426 c.
1020 3380 1046 3426 1.
1198 3379 1224 3425 9.
1259 3393 1331 3428 nonu
1350 3383 1375 3428 et
1392 3378 1487 3430 ultimo
1598 3375 1809 3444 Puer-guum

639 3396 791 3497 [benun.
825 3444 922 3494 ultimo
940 3451 1051 3495 etnonu
1070 3443 1136 3494 Re·
1157 3450 1188 3495 et
1204 3452 1316 3495 nuncet
1333 3444 1428 3495 ultimo
1446 3444 1505 3495 e-b·
1531 3470 1567 3481 -
1594 3444 1739 3496 circulus
1756 3447 1811 3497 ori·

640 3532 690 3567 zon
708 3513 739 3563 F.
757 3539 792 3553 -
810 3512 882 3577 ante]
901 3510 927 3573 1,
948 3514 993 3573 15,
1014 3516 1052 3561 11.
1072 3538 1105 3548 -
1126 3527 1173 3563 noc
1186 3518 1290 3578 partem
1306 3510 1410 3579 R2r-g.
1429 3538 1462 3550 -
1480 3511 1551 3579 quod
1569 3517 1617 3562 ert
1633 3529 1689 3580 sup.
1707 3518 1770 3566 terr.
1787 3512 1810 3565 [a

641 3599 658 3634 u
676 3598 732 3633 sec.
751 3597 787 3630 m.
809 3608 844 3617 —-
868 3586 915 3631 est
933 3580 978 3630 sub
995 3580 1042 3630 illo
1061 3578 1094 3629 F.
1129 3579 1177 3631 sub
1194 3579 1242 3629 illo
1257 3579 1349 3631 coelo
1366 3580 1418 3631 Rl.
1453 3582 1500 3631 cub
1517 3579 1565 3630 illo
1584 3580 1672 3632 caclo
1691 3589 1739 3634 eet
1757 3581 1812 3633 111.

640 3652 688 3702 sub
706 3667 740 3701 eo
759 3656 807 3699 cst
825 3649 915 3698 caelo
933 3648 983 3699 Ra.
1009 3643 1044 3687 -'
1069 3663 1137 3715 quoe
1155 3664 1172 3697 a
1189 3647 1277 3698 nobis
1294 3649 1419 3700 uidentur
1440 3646 1513 3699 Bau.
1531 3647 1588 3708 (Ra
1604 3665 1667 3714 cup.
1685 3650 1722 3701 ad
1738 3655 1811 3710 noe).

641 3735 708 3787 quae
725 3734 742 3767 a
759 3717 847 3767 nobie
866 3734 929 3769 non
949 3715 1073 3767 videntur
1095 3715 1128 3768 B.
1181 3731 1249 3783 quae
1272 3717 1363 3768 nobie
1383 3734 1446 3769 non
1464 3716 1587 3767 videntur
1609 3720 1684 3783 (sup.
1701 3719 1745 3778 ‚ad
1763 3735 1811 3769 noe

640 3789 710 3846 vid.)
732 3786 782 3835 Rl.
805 3812 839 3824 -
868 3785 896 3837 iu
914 3785 1000 3836 medio
1019 3792 1125 3835 cutem
1147 3782 1202 3833 Te.
1227 3810 1257 3821 -
1288 3801 1319 3834 er
1337 3787 1408 3836 omni
1421 3792 1500 3853 purte
1516 3784 1559 3835 tui
1581 3780 1614 3835 B.
1768 3790 1810 3838 10.

641 3871 725 3923 quoe
739 3860 866 3919 punctum
883 3860 921 3904 eet
944 3851 969 3902 G
986 3868 1003 3902 a
1023 3868 1079 3905 sec.
1096 3868 1146 3916 m.,
1177 3867 1230 3919 mg
1252 3852 1309 3919 (bg
1326 3851 1354 3903 in
1371 3869 1429 3921 mg.
1446 3853 1518 3903 uliae
1536 3856 1605 3912 ceu)
1629 3850 1644 3903 l
1663 3850 1701 3912 (0
1719 3867 1736 3903 a
1753 3870 1811 3907 seo.

641 3929 692 3983 m.)
711 3921 766 3971 Tra.
801 3920 905 3982 „Male
934 3920 1014 3985 Quod
1031 3921 1064 3971 ad
1082 3936 1169 3985 oram,
1185 3936 1240 3983 ceu,
1257 3920 1383 3986 proxime
1398 3937 1493 3973 rerum
1510 3926 1563 3984 eet,
1582 3936 1635 3971 nou
1654 3926 1747 3971 tumen
1763 3938 1812 3973 re·

641 4008 712 4042 runt.
746 3988 848 4054 Liquet
865 4006 897 4039 ex
913 3987 962 4038 filo
980 3987 1145 4040 orationis.“
1163 3988 1243 4040 Ponl.
1259 4014 1291 4027 -·
1311 3990 1486 4058 intermeneq
1504 3992 1547 4040 vl.
1564 4015 1599 4027 -
1614 3988 1729 4039 vicissim
1743 3989 1813 4042 inter

641 4075 668 4109 se
686 4059 719 4108 G.
735 4084 769 4094 —
790 4058 955 4109 interversa
972 4062 1048 4122 (cup.
1066 4057 1127 4107 odd.
1147 4057 1189 4115 dt]
1208 4058 1358 4125 temperiem
1379 4055 1411 4107 F.
1445 4058 1514 4107 inter
1530 4063 1695 4122 utrunque
1713 4062 1813 4123 tempe·

641 4127 706 4177 riern
728 4124 781 4175 Hl.
946 4128 987 4175 11.
1023 4125 1243 4193 obriguerer-g.
1267 4152 1299 4161 —
1329 4122 1673 4189 Etlriduoauntquusi
1691 4124 1812 4191 congeli

675 4297 701 4341 1.
739 4291 859 4342 Maronis
877 4298 902 4342 ct
923 4291 1016 4361 Tullia]
1038 4290 1081 4343 Gi.
1100 4289 1158 4343 sat.
1175 4289 1199 4355 1,
1284 4295 1327 4343 10.
1362 4290 1404 4342 ceti
1417 4296 1545 4358 punctum
1562 4287 1610 4356 est]
1630 4287 1811 4344 Datirousue

641 4364 685 4420 24,
703 4362 728 4409 5.
757 4407 759 4411 ,
1251 4376 1315 4411 esse
1344 4357 1470 4419 videtur,
1505 4357 1569 4424 quio
1594 4358 1676 4410 modo
1702 4359 1814 4412 dixerat

674 4432 700 4477 8.
735 4426 768 4476 de
795 4424 922 4493 cingulis]
954 4424 996 4477 Gi.
1023 4425 1126 4493 fragm.
1155 4442 1199 4492 ap.
1251 4428 1388 4479 lauimd
1406 4426 1519 4477 eaelum
1538 4427 1668 4491 brevitur,
1686 4443 1750 4479 nam
1769 4428 1813 4479 eie

641 4494 786 4548 censorin.
801 4497 827 4554 2,
841 4498 865 4543 2.
891 4495 924 4544 Ut
941 4495 1201 4557 circuliincaelo,
1251 4495 1279 4558 1,
1307 4498 1354 4558 lo,
1379 4498 1418 4545 ll.
1442 4492 1512 4545 dicit
1534 4512 1592 4545 eum
1609 4503 1680 4545 terro
1700 4497 1741 4547 cd
1760 4498 1812 4547 cir-

641 4566 681 4615 ita
710 4563 738 4613 in
766 4571 838 4613 terra
863 4579 967 4613 zonae
991 4571 1119 4614 vocantur
1147 4571 1200 4614 etc.
1253 4579 1322 4616 cum
1339 4563 1402 4613 colis
1418 4570 1545 4629 punctum
1563 4564 1612 4625 eit,
1643 4563 1692 4615 sed
1710 4563 1811 4631 ibid.§

642 4631 771 4683 Martiun.
791 4629 840 4692 vl,
859 4628 872 4693 5
891 4632 951 4680 602.
979 4631 1055 4681 Orbis
1071 4637 1157 4682 terroe
1173 4621 1201 4681 in
1253 4636 1278 4683 6.
1293 4638 1428 4697 quaetotc
1441 4630 1534 4697 puncti
1550 4631 1608 4681 locu
1674 4689 1676 4696 Ι
1725 4633 1813 4684 coeli

642 4702 758 4819 cetu
774 4699 1202 4819 §itaer-acdaaa‘a‘
1252 4635 1812 4821 clarescentisn

625 4837 684 4898 all,
704 4807 757 4900 ⁹68,
780 4834 793 4899 5
813 4838 871 4885 112.
890 4835 953 4885 Sill.
977 4834 1047 4887 Nom
1066 4852 1125 4886 cum
1148 4837 1202 4887 siut
1253 4841 1344 4887 terum
1367 4785 1425 4887 eid.
1443 4834 1533 4901 Kopp.
1558 4836 1592 4885 ed
1612 4835 1745 4888 Martiae.
1766 4838 1812 4901 lii,

644 4906 700 4955 eice
729 4905 844 4971 quinque
870 4912 976 4972 partes,
1011 4920 1078 4970 quus
1107 4911 1203 4957 vocant
1253 4904 1360 5021 ξιὸθῖὲ,
1383 4902 1433 5020 quq
1450 4903 1707 5023 iptesrlqliasffliqp
1721 4904 1754 4957 N.
1775 4906 1812 5023 lp.

642 4978 855 5091 ⁵⁰9²iabobtd⁶ct
879 5039 974 5091 ultima
1002 5038 1125 5108 sphaera]
1159 5038 1202 5092 Gi.
1252 4974 1539 5105 Pr'egl.’§§8.)7aifer¹t
1556 4974 1812 5092 'cteoffi'eafuieori

644 5108 738 5159 Somn.
756 5108 787 5172 V,
802 5112 828 5157 2.
884 5141 888 5146 -
1253 5107 1324 5175 cycl.
1343 5108 1371 5172 1,
1392 5112 1438 5172 11,
1457 5125 1484 5173 p.
1502 5111 1536 5157 56
1554 5125 1595 5173 aq.
1616 5101 1694 5173 ὅτιὴ
1727 5108 1777 5174 ipo
1800 5138 1812 5151 ·

678 5178 803 5240 horizon,
837 5176 867 5226 id
895 5182 934 5227 eet
956 5175 1054 5241 finalis
1079 5174 1202 5243 circulus]
1252 5174 1350 5242 μείου
1370 5170 1452 5243 λόγον
1474 5170 1561 5240 ἐπέχει
1582 5171 1667 5241 πρὸς
1686 5125 1813 5228 civoi-

644 5245 802 5295 Martianus
819 5242 896 5305 vul,
919 5242 948 5308 §5
967 5247 1032 5309 818,
1050 5248 1118 5311 881,
1140 5247 1203 5298 836.
1253 5239 1359 5309 caede.
1395 5245 1456 5297 llicl.
1474 5251 1531 5297 not·
1552 5243 1588 5297 erl
1607 5260 1631 5296 c.
1648 5247 1678 5308 2,
1702 5243 1716 5309 5
1734 5248 1759 5296 8.
1783 5251 1812 5298 et

637 5314 772 5380 finitorem
792 5326 856 5365 cum
874 5312 1009 5378 appellet.
1253 5329 1279 5364 c.
1298 5316 1331 5377 9,
1350 5311 1364 5378 5
1382 5314 1408 5367 ll.
