<?xml version="1.0" encoding="UTF-8"?>
<!DOCTYPE html PUBLIC "-//W3C//DTD XHTML 1.0 Transitional//EN"
    "http://www.w3.org/TR/xhtml1/DTD/xhtml1-transitional.dtd">
<html xmlns="http://www.w3.org/1999/xhtml" xml:lang="en" lang="en">
 <head>
  <title>
</title>
<meta http-equiv="Content-Type" content="text/html;charset=utf-8" />
  <meta name='ocr-system' content='tesseract 3.04.00' />
  <meta name='ocr-capabilities' content='ocr_page ocr_carea ocr_par ocr_line ocrx_word'/>
</head>
<body>
  <div class='ocr_page' id='page_1' title='image "./operaquaesupers00macrgoog/operaquaesupers00macrgoog_0432.png"; bbox 0 0 5092 6425; ppageno 0'>
   <div class='ocr_carea' id='block_1_1' title="bbox 697 859 1391 935">
    <p class='ocr_par' dir='ltr' id='par_1_1' title="bbox 697 859 1391 935">
     <span class='ocr_line' id='line_1_1' title="bbox 697 859 1391 935; baseline -0.013 -1"><span class='ocrx_word' id='word_1_1' title='bbox 697 867 762 935; x_wconf 71' lang='lat' dir='ltr'><strong>am</strong></span> <span class='ocrx_word' id='word_1_2' title='bbox 1183 859 1391 927; x_wconf 50' lang='lat' dir='ltr'><strong>Mitcaouu</strong></span> 
     </span>
    </p>
   </div>
   <div class='ocr_carea' id='block_1_2' title="bbox 698 1030 1877 1224">
    <p class='ocr_par' dir='ltr' id='par_1_2' title="bbox 698 1030 1877 1224">
     <span class='ocr_line' id='line_1_2' title="bbox 698 1030 1877 1140; baseline -0.007 -35"><span class='ocrx_word' id='word_1_3' title='bbox 698 1031 866 1120; x_wconf 70' lang='grc' dir='ltr'><strong>παθητικὰ</strong></span> <span class='ocrx_word' id='word_1_4' title='bbox 894 1034 1040 1100; x_wconf 82' lang='lat' dir='ltr'><strong>dixerunt</strong></span> <span class='ocrx_word' id='word_1_5' title='bbox 1065 1053 1145 1130; x_wconf 84' lang='lat' dir='ltr'><strong>quao</strong></span> <span class='ocrx_word' id='word_1_6' title='bbox 1172 1033 1336 1131; x_wconf 69' lang='lat' dir='ltr'><strong><em>³⁰.M‘¹.¹.</em></strong></span> <span class='ocrx_word' id='word_1_7' title='bbox 1353 1030 1524 1097; x_wconf 79' lang='lat' dir='ltr'><strong>desinentia</strong></span> <span class='ocrx_word' id='word_1_8' title='bbox 1557 1030 1756 1132; x_wconf 74' lang='lat' dir='ltr'><strong>significant</strong></span> <span class='ocrx_word' id='word_1_9' title='bbox 1777 1035 1877 1140; x_wconf 69' lang='lat' dir='ltr'><strong>passio</strong></span> 
     </span>
     <span class='ocr_line' id='line_1_3' title="bbox 700 1118 1877 1224; baseline -0.004 -33"><span class='ocrx_word' id='word_1_10' title='bbox 700 1146 782 1200; x_wconf 76' lang='lat' dir='ltr'><strong>nean,</strong></span> <span class='ocrx_word' id='word_1_11' title='bbox 802 1132 834 1186; x_wconf 91' lang='lat' dir='ltr'><strong>ct</strong></span> <span class='ocrx_word' id='word_1_12' title='bbox 855 1141 978 1185; x_wconf 85' lang='lat' dir='ltr'><strong>necesso</strong></span> <span class='ocrx_word' id='word_1_13' title='bbox 1001 1118 1116 1183; x_wconf 89' lang='lat' dir='ltr'><strong>babent</strong></span> <span class='ocrx_word' id='word_1_14' title='bbox 1135 1139 1219 1202; x_wconf 76' lang='lat' dir='ltr'><strong>iungi</strong></span> <span class='ocrx_word' id='word_1_15' title='bbox 1241 1126 1377 1202; x_wconf 74' lang='lat' dir='ltr'><strong>genituro</strong></span> <span class='ocrx_word' id='word_1_16' title='bbox 1399 1138 1468 1182; x_wconf 89' lang='lat' dir='ltr'><strong>cum</strong></span> <span class='ocrx_word' id='word_1_17' title='bbox 1491 1127 1744 1224; x_wconf 78' lang='lat' dir='ltr'><strong>praepositione</strong></span> <span class='ocrx_word' id='word_1_18' title='bbox 1765 1142 1836 1198; x_wconf 79' lang='grc' dir='ltr'><strong><em>οπο,</em></strong></span> <span class='ocrx_word' id='word_1_19' title='bbox 1853 1142 1877 1186; x_wconf 82' lang='lat' dir='ltr'><strong>aa</strong></span> 
     </span>
    </p>
   </div>
   <div class='ocr_carea' id='block_1_3' title="bbox 651 1197 1927 3086">
    <p class='ocr_par' dir='ltr' id='par_1_3' title="bbox 651 1197 1927 3086">
     <span class='ocr_line' id='line_1_4' title="bbox 700 1197 1877 1295; baseline -0.003 -22"><span class='ocrx_word' id='word_1_20' title='bbox 700 1215 830 1295; x_wconf 77' lang='lat' dir='ltr'><strong>possunt</strong></span> <span class='ocrx_word' id='word_1_21' title='bbox 846 1207 956 1270; x_wconf 89' lang='lat' dir='ltr'><strong>amissa</strong></span> <span class='ocrx_word' id='word_1_22' title='bbox 977 1206 1073 1267; x_wconf 80' lang='lat' dir='ltr'><strong>MAI</strong></span> <span class='ocrx_word' id='word_1_23' title='bbox 1087 1203 1200 1288; x_wconf 73' lang='lat' dir='ltr'><strong>syllaba</strong></span> <span class='ocrx_word' id='word_1_24' title='bbox 1222 1203 1252 1267; x_wconf 89' lang='lat' dir='ltr'><strong>in</strong></span> <span class='ocrx_word' id='word_1_25' title='bbox 1272 1203 1406 1269; x_wconf 85' lang='lat' dir='ltr'><strong>activum</strong></span> <span class='ocrx_word' id='word_1_26' title='bbox 1424 1202 1534 1281; x_wconf 88' lang='lat' dir='ltr'><strong>redire,</strong></span> <span class='ocrx_word' id='word_1_27' title='bbox 1555 1226 1717 1286; x_wconf 78' lang='grc' dir='ltr'><strong><em>αρχομαι</em></strong></span> <span class='ocrx_word' id='word_1_28' title='bbox 1738 1197 1805 1269; x_wconf 73' lang='grc' dir='ltr'><strong>ὑπὸ</strong></span> <span class='ocrx_word' id='word_1_29' title='bbox 1823 1209 1877 1284; x_wconf 82' lang='lat' dir='ltr'><strong>ocri,</strong></span> 
     </span>
     <span class='ocr_line' id='line_1_5' title="bbox 671 1281 1877 1376; baseline -0.002 -16"><span class='ocrx_word' id='word_1_30' title='bbox 671 1289 871 1374; x_wconf 79' lang='grc' dir='ltr'><strong><em>λιιελεύομοιι</em></strong></span> <span class='ocrx_word' id='word_1_31' title='bbox 895 1284 960 1354; x_wconf 80' lang='grc' dir='ltr'><strong>ὑπὸ</strong></span> <span class='ocrx_word' id='word_1_32' title='bbox 988 1291 1064 1366; x_wconf 86' lang='grc' dir='ltr'><strong><em>σοῦ,</em></strong></span> <span class='ocrx_word' id='word_1_33' title='bbox 1101 1291 1242 1370; x_wconf 82' lang='grc' dir='ltr'><strong><em>τιμῶμαι</em></strong></span> <span class='ocrx_word' id='word_1_34' title='bbox 1270 1281 1336 1352; x_wconf 77' lang='grc' dir='ltr'><strong>ὑπὸ</strong></span> <span class='ocrx_word' id='word_1_35' title='bbox 1364 1289 1432 1351; x_wconf 87' lang='grc' dir='ltr'><strong><em>σοῦ.</em></strong></span> <span class='ocrx_word' id='word_1_36' title='bbox 1477 1288 1534 1354; x_wconf 89' lang='lat' dir='ltr'><strong>Cui</strong></span> <span class='ocrx_word' id='word_1_37' title='bbox 1565 1310 1606 1353; x_wconf 84' lang='lat' dir='ltr'><strong>ex</strong></span> <span class='ocrx_word' id='word_1_38' title='bbox 1634 1311 1743 1375; x_wconf 88' lang='lat' dir='ltr'><strong>supra</strong></span> <span class='ocrx_word' id='word_1_39' title='bbox 1773 1292 1877 1376; x_wconf 85' lang='lat' dir='ltr'><strong>scriptis</strong></span> 
     </span>
     <span class='ocr_line' id='line_1_6' title="bbox 701 1366 1877 1458; baseline -0.002 -14"><span class='ocrx_word' id='word_1_40' title='bbox 701 1377 936 1444; x_wconf 80' lang='lat' dir='ltr'><strong>diffinitionibus</strong></span> <span class='ocrx_word' id='word_1_41' title='bbox 958 1396 1019 1441; x_wconf 88' lang='lat' dir='ltr'><strong>una</strong></span> <span class='ocrx_word' id='word_1_42' title='bbox 1039 1373 1185 1449; x_wconf 82' lang='lat' dir='ltr'><strong>desuerit,</strong></span> <span class='ocrx_word' id='word_1_43' title='bbox 1211 1394 1267 1438; x_wconf 91' lang='lat' dir='ltr'><strong>nce</strong></span> <span class='ocrx_word' id='word_1_44' title='bbox 1288 1366 1492 1456; x_wconf 74' lang='grc' dir='ltr'><strong><em>ἐνεργητικὸν</em></strong></span> <span class='ocrx_word' id='word_1_45' title='bbox 1516 1395 1574 1438; x_wconf 93' lang='lat' dir='ltr'><strong>nec</strong></span> <span class='ocrx_word' id='word_1_46' title='bbox 1596 1371 1801 1458; x_wconf 78' lang='grc' dir='ltr'><strong><em>παθητικὸν</em></strong></span> <span class='ocrx_word' id='word_1_47' title='bbox 1819 1378 1877 1442; x_wconf 90' lang='lat' dir='ltr'><strong>dici·</strong></span> 
     </span>
     <span class='ocr_line' id='line_1_7' title="bbox 701 1453 1876 1541; baseline -0.002 -10"><span class='ocrx_word' id='word_1_48' title='bbox 701 1473 767 1531; x_wconf 91' lang='lat' dir='ltr'><strong>tur:</strong></span> <span class='ocrx_word' id='word_1_49' title='bbox 801 1462 854 1527; x_wconf 86' lang='lat' dir='ltr'><strong>sod</strong></span> <span class='ocrx_word' id='word_1_50' title='bbox 877 1463 902 1526; x_wconf 94' lang='lat' dir='ltr'><strong>si</strong></span> <span class='ocrx_word' id='word_1_51' title='bbox 927 1461 957 1523; x_wconf 92' lang='lat' dir='ltr'><strong>iu</strong></span> <span class='ocrx_word' id='word_1_52' title='bbox 981 1462 1016 1523; x_wconf 75' lang='grc' dir='ltr'><em>Ω</em></span> <span class='ocrx_word' id='word_1_53' title='bbox 1035 1459 1114 1535; x_wconf 82' lang='lat' dir='ltr'><strong>exit,</strong></span> <span class='ocrx_word' id='word_1_54' title='bbox 1137 1454 1310 1541; x_wconf 78' lang='grc' dir='ltr'><strong><em>οὐδέτερον</em></strong></span> <span class='ocrx_word' id='word_1_55' title='bbox 1331 1459 1377 1523; x_wconf 85' lang='lat' dir='ltr'><strong>vei</strong></span> <span class='ocrx_word' id='word_1_56' title='bbox 1400 1453 1651 1541; x_wconf 74' lang='grc' dir='ltr'><strong><em>ἀπολελυμένον</em></strong></span> <span class='ocrx_word' id='word_1_57' title='bbox 1678 1472 1827 1541; x_wconf 86' lang='lat' dir='ltr'><strong>vocatur,</strong></span> <span class='ocrx_word' id='word_1_58' title='bbox 1850 1473 1876 1529; x_wconf 91' lang='lat' dir='ltr'><strong>ut</strong></span> 
     </span>
     <span class='ocr_line' id='line_1_8' title="bbox 670 1539 1905 1635; baseline -0.001 -20"><span class='ocrx_word' id='word_1_59' title='bbox 670 1550 748 1615; x_wconf 76' lang='lat' dir='ltr'><strong>best</strong></span> <span class='ocrx_word' id='word_1_60' title='bbox 770 1550 811 1627; x_wconf 79' lang='grc' dir='ltr'><strong>ζῶ</strong></span> <span class='ocrx_word' id='word_1_61' title='bbox 833 1547 961 1611; x_wconf 71' lang='lat' dir='ltr'><strong>nicoeni</strong></span> <span class='ocrx_word' id='word_1_62' title='bbox 981 1539 1117 1625; x_wconf 80' lang='grc' dir='ltr'><em>ὑπάρχω</em></span> <span class='ocrx_word' id='word_1_63' title='bbox 1146 1541 1292 1627; x_wconf 64' lang='lat' dir='ltr'><strong>inperito.</strong></span> <span class='ocrx_word' id='word_1_64' title='bbox 1336 1546 1371 1609; x_wconf 87' lang='lat' dir='ltr'><strong>ln</strong></span> <span class='ocrx_word' id='word_1_65' title='bbox 1397 1543 1444 1608; x_wconf 94' lang='lat' dir='ltr'><strong>bis</strong></span> <span class='ocrx_word' id='word_1_66' title='bbox 1471 1544 1611 1609; x_wconf 85' lang='lat' dir='ltr'><strong>invenies</strong></span> <span class='ocrx_word' id='word_1_67' title='bbox 1642 1547 1760 1632; x_wconf 87' lang='lat' dir='ltr'><strong>aliqua</strong></span> <span class='ocrx_word' id='word_1_68' title='bbox 1786 1561 1874 1635; x_wconf 90' lang='lat' dir='ltr'><strong>aperte</strong></span> <span class='ocrx_word' id='word_1_69' title='bbox 1903 1598 1905 1605; x_wconf 85' lang='lat'><em>.</em></span> 
     </span>
     <span class='ocr_line' id='line_1_9' title="bbox 700 1629 1907 1740; baseline -0.002 -40"><span class='ocrx_word' id='word_1_70' title='bbox 700 1646 732 1701; x_wconf 90' lang='lat' dir='ltr'><strong>ct</strong></span> <span class='ocrx_word' id='word_1_71' title='bbox 752 1634 892 1698; x_wconf 81' lang='lat' dir='ltr'><strong>airsoiuto</strong></span> <span class='ocrx_word' id='word_1_72' title='bbox 910 1640 1023 1707; x_wconf 85' lang='lat' dir='ltr'><strong>actum,</strong></span> <span class='ocrx_word' id='word_1_73' title='bbox 1041 1630 1144 1714; x_wconf 86' lang='lat' dir='ltr'><strong>aliqua</strong></span> <span class='ocrx_word' id='word_1_74' title='bbox 1164 1630 1354 1714; x_wconf 80' lang='lat' dir='ltr'><strong>designantia</strong></span> <span class='ocrx_word' id='word_1_75' title='bbox 1378 1629 1566 1714; x_wconf 82' lang='lat' dir='ltr'><strong>passionem:</strong></span> <span class='ocrx_word' id='word_1_76' title='bbox 1586 1651 1665 1696; x_wconf 90' lang='lat' dir='ltr'><strong>nam</strong></span> <span class='ocrx_word' id='word_1_77' title='bbox 1691 1630 1802 1740; x_wconf 69' lang='grc' dir='ltr'><strong><em>τμέχω</em></strong></span> <span class='ocrx_word' id='word_1_78' title='bbox 1820 1630 1873 1717; x_wconf 78' lang='lat' dir='ltr'><strong>aip-</strong></span> <span class='ocrx_word' id='word_1_79' title='bbox 1904 1642 1907 1687; x_wconf 80' lang='grc' dir='ltr'>ἰ</span> 
     </span>
     <span class='ocr_line' id='line_1_10' title="bbox 701 1715 1872 1804; baseline -0.003 -19"><span class='ocrx_word' id='word_1_80' title='bbox 701 1722 766 1785; x_wconf 76' lang='grc' dir='ltr'><strong>στῶ</strong></span> <span class='ocrx_word' id='word_1_81' title='bbox 793 1718 958 1800; x_wconf 79' lang='grc' dir='ltr'><strong><em>περιπατῶ</em></strong></span> <span class='ocrx_word' id='word_1_82' title='bbox 989 1715 1026 1781; x_wconf 87' lang='lat' dir='ltr'><strong>da</strong></span> <span class='ocrx_word' id='word_1_83' title='bbox 1052 1724 1162 1800; x_wconf 80' lang='lat' dir='ltr'><strong>agenta</strong></span> <span class='ocrx_word' id='word_1_84' title='bbox 1189 1715 1349 1792; x_wconf 87' lang='lat' dir='ltr'><strong>dicuntur,</strong></span> <span class='ocrx_word' id='word_1_85' title='bbox 1388 1716 1475 1778; x_wconf 81' lang='grc' dir='ltr'><strong><em>νοσῶ</em></strong></span> <span class='ocrx_word' id='word_1_86' title='bbox 1501 1723 1607 1781; x_wconf 90' lang='lat' dir='ltr'><strong>autem</strong></span> <span class='ocrx_word' id='word_1_87' title='bbox 1638 1725 1677 1782; x_wconf 94' lang='lat' dir='ltr'><strong>et</strong></span> <span class='ocrx_word' id='word_1_88' title='bbox 1702 1723 1872 1804; x_wconf 75' lang='grc' dir='ltr'><strong><em>οφθαλμιό</em></strong></span> 
     </span>
     <span class='ocr_line' id='line_1_11' title="bbox 671 1799 1871 1891; baseline 0.001 -20"><span class='ocrx_word' id='word_1_89' title='bbox 671 1806 768 1871; x_wconf 80' lang='lat' dir='ltr'><strong>deinc</strong></span> <span class='ocrx_word' id='word_1_90' title='bbox 790 1803 885 1868; x_wconf 90' lang='lat' dir='ltr'><strong>dubio</strong></span> <span class='ocrx_word' id='word_1_91' title='bbox 905 1803 1078 1887; x_wconf 79' lang='lat' dir='ltr'><strong>passionem</strong></span> <span class='ocrx_word' id='word_1_92' title='bbox 1099 1809 1223 1866; x_wconf 88' lang='lat' dir='ltr'><strong>sonant:</strong></span> <span class='ocrx_word' id='word_1_93' title='bbox 1245 1800 1298 1865; x_wconf 90' lang='lat' dir='ltr'><strong>sed</strong></span> <span class='ocrx_word' id='word_1_94' title='bbox 1319 1820 1421 1885; x_wconf 89' lang='lat' dir='ltr'><strong>nequa</strong></span> <span class='ocrx_word' id='word_1_95' title='bbox 1439 1799 1536 1865; x_wconf 86' lang='lat' dir='ltr'><strong>activa</strong></span> <span class='ocrx_word' id='word_1_96' title='bbox 1556 1800 1610 1866; x_wconf 87' lang='lat' dir='ltr'><strong>iiia</strong></span> <span class='ocrx_word' id='word_1_97' title='bbox 1629 1802 1801 1883; x_wconf 88' lang='lat' dir='ltr'><strong>dicuntur,</strong></span> <span class='ocrx_word' id='word_1_98' title='bbox 1817 1807 1871 1891; x_wconf 86' lang='lat' dir='ltr'><strong>quia</strong></span> 
     </span>
     <span class='ocr_line' id='line_1_12' title="bbox 700 1886 1911 1972; baseline 0.002 -17"><span class='ocrx_word' id='word_1_99' title='bbox 700 1899 733 1956; x_wconf 90' lang='lat' dir='ltr'><strong>ct</strong></span> <span class='ocrx_word' id='word_1_100' title='bbox 760 1888 836 1954; x_wconf 86' lang='lat' dir='ltr'><strong>nuiii</strong></span> <span class='ocrx_word' id='word_1_101' title='bbox 868 1887 906 1951; x_wconf 95' lang='lat' dir='ltr'><strong>dc</strong></span> <span class='ocrx_word' id='word_1_102' title='bbox 940 1908 1032 1972; x_wconf 88' lang='lat' dir='ltr'><strong>supra</strong></span> <span class='ocrx_word' id='word_1_103' title='bbox 1058 1886 1147 1951; x_wconf 88' lang='lat' dir='ltr'><strong>dietis</strong></span> <span class='ocrx_word' id='word_1_104' title='bbox 1173 1886 1294 1951; x_wconf 84' lang='lat' dir='ltr'><strong>casibus</strong></span> <span class='ocrx_word' id='word_1_105' title='bbox 1321 1886 1405 1969; x_wconf 82' lang='lat' dir='ltr'><strong>iungi</strong></span> <span class='ocrx_word' id='word_1_106' title='bbox 1436 1894 1564 1971; x_wconf 90' lang='lat' dir='ltr'><strong>possunt</strong></span> <span class='ocrx_word' id='word_1_107' title='bbox 1593 1908 1655 1952; x_wconf 94' lang='lat' dir='ltr'><strong>nec</strong></span> <span class='ocrx_word' id='word_1_108' title='bbox 1686 1891 1794 1955; x_wconf 88' lang='lat' dir='ltr'><strong>MAI</strong></span> <span class='ocrx_word' id='word_1_109' title='bbox 1814 1892 1870 1956; x_wconf 87' lang='lat' dir='ltr'><strong>red·</strong></span> <span class='ocrx_word' id='word_1_110' title='bbox 1908 1914 1911 1957; x_wconf 84' lang='grc' dir='ltr'><strong><em>ι</em></strong></span> 
     </span>
     <span class='ocr_line' id='line_1_13' title="bbox 701 1965 1923 2061; baseline 0.002 -22"><span class='ocrx_word' id='word_1_111' title='bbox 701 1975 805 2061; x_wconf 90' lang='lat' dir='ltr'><strong>piunt;</strong></span> <span class='ocrx_word' id='word_1_112' title='bbox 847 1994 917 2037; x_wconf 83' lang='lat' dir='ltr'><strong>nour</strong></span> <span class='ocrx_word' id='word_1_113' title='bbox 939 1994 996 2037; x_wconf 88' lang='lat' dir='ltr'><strong>nec</strong></span> <span class='ocrx_word' id='word_1_114' title='bbox 1015 1968 1117 2055; x_wconf 79' lang='grc' dir='ltr'><em>τρέχω</em></span> <span class='ocrx_word' id='word_1_115' title='bbox 1138 1987 1172 2036; x_wconf 86' lang='grc' dir='ltr'><strong>σε</strong></span> <span class='ocrx_word' id='word_1_116' title='bbox 1195 1994 1250 2037; x_wconf 94' lang='lat' dir='ltr'><strong>ncc</strong></span> <span class='ocrx_word' id='word_1_117' title='bbox 1272 1965 1394 2053; x_wconf 80' lang='grc' dir='ltr'><strong><em>ἀρισιῶ</em></strong></span> <span class='ocrx_word' id='word_1_118' title='bbox 1416 1986 1451 2035; x_wconf 86' lang='grc' dir='ltr'><strong>σε</strong></span> <span class='ocrx_word' id='word_1_119' title='bbox 1475 1992 1531 2035; x_wconf 89' lang='lat' dir='ltr'><strong>nec</strong></span> <span class='ocrx_word' id='word_1_120' title='bbox 1551 1977 1733 2055; x_wconf 73' lang='grc' dir='ltr'><strong><em>περιπατῶ</em></strong></span> <span class='ocrx_word' id='word_1_121' title='bbox 1756 1974 1794 2041; x_wconf 81' lang='grc' dir='ltr'><strong>σὲ</strong></span> <span class='ocrx_word' id='word_1_122' title='bbox 1815 1978 1870 2043; x_wconf 82' lang='lat' dir='ltr'><strong>din‘·</strong></span> <span class='ocrx_word' id='word_1_123' title='bbox 1920 2033 1923 2041; x_wconf 91' lang='lat'><em>.</em></span> 
     </span>
     <span class='ocr_line' id='line_1_14' title="bbox 701 2050 1869 2144; baseline 0.001 -17"><span class='ocrx_word' id='word_1_124' title='bbox 701 2070 769 2137; x_wconf 88' lang='lat' dir='ltr'><strong>tur,</strong></span> <span class='ocrx_word' id='word_1_125' title='bbox 812 2080 867 2123; x_wconf 91' lang='lat' dir='ltr'><strong>nce</strong></span> <span class='ocrx_word' id='word_1_126' title='bbox 890 2067 992 2144; x_wconf 84' lang='lat' dir='ltr'><strong>potest</strong></span> <span class='ocrx_word' id='word_1_127' title='bbox 1014 2058 1144 2123; x_wconf 87' lang='lat' dir='ltr'><strong>transire</strong></span> <span class='ocrx_word' id='word_1_128' title='bbox 1165 2057 1195 2122; x_wconf 95' lang='lat' dir='ltr'><strong>in</strong></span> <span class='ocrx_word' id='word_1_129' title='bbox 1223 2053 1374 2140; x_wconf 80' lang='grc' dir='ltr'><strong><em>ιοέχομαι</em></strong></span> <span class='ocrx_word' id='word_1_130' title='bbox 1396 2050 1462 2120; x_wconf 77' lang='grc' dir='ltr'><strong>ὑπὸ</strong></span> <span class='ocrx_word' id='word_1_131' title='bbox 1482 2057 1558 2134; x_wconf 82' lang='grc' dir='ltr'><strong><em>σοῦ,</em></strong></span> <span class='ocrx_word' id='word_1_132' title='bbox 1603 2053 1803 2144; x_wconf 64' lang='lat' dir='ltr'><strong>adpraedam</strong></span> <span class='ocrx_word' id='word_1_133' title='bbox 1821 2056 1869 2127; x_wconf 74' lang='lat' dir='ltr'><strong>riri</strong></span> 
     </span>
     <span class='ocr_line' id='line_1_15' title="bbox 673 2137 1870 2235; baseline 0.001 -25"><span class='ocrx_word' id='word_1_134' title='bbox 673 2147 773 2225; x_wconf 79' lang='grc' dir='ltr'><strong><em>Ἱσοῦ,</em></strong></span> <span class='ocrx_word' id='word_1_135' title='bbox 795 2145 1033 2227; x_wconf 70' lang='lat' dir='ltr'><strong>accensendum</strong></span> <span class='ocrx_word' id='word_1_136' title='bbox 1051 2137 1116 2207; x_wconf 75' lang='grc' dir='ltr'><strong>ὑπὸ</strong></span> <span class='ocrx_word' id='word_1_137' title='bbox 1139 2144 1218 2208; x_wconf 85' lang='grc' dir='ltr'><strong><em>σοῦ.·</em></strong></span> <span class='ocrx_word' id='word_1_138' title='bbox 1244 2143 1297 2208; x_wconf 90' lang='lat' dir='ltr'><strong>sed</strong></span> <span class='ocrx_word' id='word_1_139' title='bbox 1322 2163 1379 2207; x_wconf 90' lang='lat' dir='ltr'><strong>nec</strong></span> <span class='ocrx_word' id='word_1_140' title='bbox 1397 2143 1486 2206; x_wconf 83' lang='grc' dir='ltr'><strong><em>νοσῶ</em></strong></span> <span class='ocrx_word' id='word_1_141' title='bbox 1506 2150 1538 2206; x_wconf 91' lang='lat' dir='ltr'><strong>ct</strong></span> <span class='ocrx_word' id='word_1_142' title='bbox 1554 2137 1759 2228; x_wconf 79' lang='grc' dir='ltr'><strong><em>ὄφθαλμιῶ,</em></strong></span> <span class='ocrx_word' id='word_1_143' title='bbox 1780 2170 1870 2235; x_wconf 82' lang='lat' dir='ltr'><strong>quen</strong></span> 
     </span>
     <span class='ocr_line' id='line_1_16' title="bbox 702 2222 1873 2317; baseline 0.001 -20"><span class='ocrx_word' id='word_1_144' title='bbox 702 2232 748 2297; x_wconf 84' lang='lat' dir='ltr'><strong>ris</strong></span> <span class='ocrx_word' id='word_1_145' title='bbox 769 2230 860 2296; x_wconf 84' lang='lat' dir='ltr'><strong>rerba</strong></span> <span class='ocrx_word' id='word_1_146' title='bbox 879 2230 941 2294; x_wconf 92' lang='lat' dir='ltr'><strong>sint</strong></span> <span class='ocrx_word' id='word_1_147' title='bbox 962 2229 1120 2314; x_wconf 89' lang='lat' dir='ltr'><strong>passionis,</strong></span> <span class='ocrx_word' id='word_1_148' title='bbox 1140 2228 1198 2293; x_wconf 90' lang='lat' dir='ltr'><strong>dici</strong></span> <span class='ocrx_word' id='word_1_149' title='bbox 1220 2222 1385 2312; x_wconf 64' lang='lat' dir='ltr'><strong>saepiat</strong></span> <span class='ocrx_word' id='word_1_150' title='bbox 1403 2235 1540 2313; x_wconf 82' lang='lat' dir='ltr'><strong>possunt.</strong></span> <span class='ocrx_word' id='word_1_151' title='bbox 1560 2229 1635 2313; x_wconf 89' lang='lat' dir='ltr'><strong>quia</strong></span> <span class='ocrx_word' id='word_1_152' title='bbox 1655 2253 1721 2317; x_wconf 86' lang='lat' dir='ltr'><strong>nac</strong></span> <span class='ocrx_word' id='word_1_153' title='bbox 1742 2234 1776 2298; x_wconf 95' lang='lat' dir='ltr'><strong>in</strong></span> <span class='ocrx_word' id='word_1_154' title='bbox 1796 2236 1873 2298; x_wconf 81' lang='lat' dir='ltr'><strong>MAI</strong></span> 
     </span>
     <span class='ocr_line' id='line_1_17' title="bbox 702 2313 1871 2401; baseline 0.004 -20"><span class='ocrx_word' id='word_1_155' title='bbox 702 2316 847 2383; x_wconf 89' lang='lat' dir='ltr'><strong>desinunt</strong></span> <span class='ocrx_word' id='word_1_156' title='bbox 869 2337 924 2380; x_wconf 92' lang='lat' dir='ltr'><strong>noc</strong></span> <span class='ocrx_word' id='word_1_157' title='bbox 949 2315 1111 2401; x_wconf 88' lang='lat' dir='ltr'><strong>quisquam</strong></span> <span class='ocrx_word' id='word_1_158' title='bbox 1134 2314 1159 2378; x_wconf 90' lang='lat' dir='ltr'><strong>si</strong></span> <span class='ocrx_word' id='word_1_159' title='bbox 1183 2313 1323 2379; x_wconf 79' lang='lat' dir='ltr'><strong>uideatur</strong></span> <span class='ocrx_word' id='word_1_160' title='bbox 1349 2313 1497 2398; x_wconf 89' lang='lat' dir='ltr'><strong>passionis</strong></span> <span class='ocrx_word' id='word_1_161' title='bbox 1525 2322 1636 2379; x_wconf 88' lang='lat' dir='ltr'><strong>auctor</strong></span> <span class='ocrx_word' id='word_1_162' title='bbox 1664 2339 1729 2382; x_wconf 91' lang='lat' dir='ltr'><strong>nec</strong></span> <span class='ocrx_word' id='word_1_163' title='bbox 1759 2320 1871 2386; x_wconf 85' lang='lat' dir='ltr'><strong>subiun</strong></span> 
     </span>
     <span class='ocr_line' id='line_1_18' title="bbox 701 2336 1871 2498; baseline -0.004 -29"><span class='ocrx_word' id='word_1_164' title='bbox 701 2403 785 2488; x_wconf 81' lang='lat' dir='ltr'><strong>gitur</strong></span> <span class='ocrx_word' id='word_1_165' title='bbox 804 2402 864 2466; x_wconf 81' lang='lat' dir='ltr'><strong>iliis</strong></span> <span class='ocrx_word' id='word_1_166' title='bbox 885 2394 951 2471; x_wconf 77' lang='lat' dir='ltr'><strong>dud</strong></span> <span class='ocrx_word' id='word_1_167' title='bbox 971 2402 1046 2479; x_wconf 86' lang='grc' dir='ltr'><strong><em>σοῦ,</em></strong></span> <span class='ocrx_word' id='word_1_168' title='bbox 1087 2336 1180 2485; x_wconf 61' lang='lat' dir='ltr'><strong>quoti</strong></span> <span class='ocrx_word' id='word_1_169' title='bbox 1193 2399 1351 2498; x_wconf 92' lang='lat' dir='ltr'><strong>proprium</strong></span> <span class='ocrx_word' id='word_1_170' title='bbox 1375 2399 1564 2483; x_wconf 80' lang='lat' dir='ltr'><strong>passivorum</strong></span> <span class='ocrx_word' id='word_1_171' title='bbox 1586 2407 1657 2497; x_wconf 37' lang='lat' dir='ltr'><strong>est·</strong></span> <span class='ocrx_word' id='word_1_172' title='bbox 1696 2404 1781 2470; x_wconf 84' lang='lat' dir='ltr'><strong>Nam</strong></span> <span class='ocrx_word' id='word_1_173' title='bbox 1804 2414 1833 2470; x_wconf 80' lang='lat' dir='ltr'><strong>et</strong></span> <span class='ocrx_word' id='word_1_174' title='bbox 1848 2406 1871 2469; x_wconf 86' lang='lat' dir='ltr'><strong>in</strong></span> 
     </span>
     <span class='ocr_line' id='line_1_19' title="bbox 701 2484 1872 2571; baseline 0.003 -18"><span class='ocrx_word' id='word_1_175' title='bbox 701 2488 800 2553; x_wconf 87' lang='lat' dir='ltr'><strong>activo</strong></span> <span class='ocrx_word' id='word_1_176' title='bbox 832 2494 864 2551; x_wconf 91' lang='lat' dir='ltr'><strong>et</strong></span> <span class='ocrx_word' id='word_1_177' title='bbox 891 2487 1011 2571; x_wconf 86' lang='lat' dir='ltr'><strong>passivo</strong></span> <span class='ocrx_word' id='word_1_178' title='bbox 1036 2485 1150 2551; x_wconf 90' lang='lat' dir='ltr'><strong>debent</strong></span> <span class='ocrx_word' id='word_1_179' title='bbox 1178 2484 1357 2550; x_wconf 76' lang='lat' dir='ltr'><strong>omnimodo</strong></span> <span class='ocrx_word' id='word_1_180' title='bbox 1384 2484 1478 2561; x_wconf 89' lang='lat' dir='ltr'><strong>duae,</strong></span> <span class='ocrx_word' id='word_1_181' title='bbox 1516 2491 1548 2548; x_wconf 90' lang='lat' dir='ltr'><strong>et</strong></span> <span class='ocrx_word' id='word_1_182' title='bbox 1574 2484 1872 2556; x_wconf 81' lang='lat' dir='ltr'><strong>administrantiset</strong></span> 
     </span>
     <span class='ocr_line' id='line_1_20' title="bbox 702 2568 1871 2674; baseline 0.003 -38"><span class='ocrx_word' id='word_1_183' title='bbox 702 2571 896 2646; x_wconf 88' lang='lat' dir='ltr'><strong>sustinentis,</strong></span> <span class='ocrx_word' id='word_1_184' title='bbox 931 2571 1056 2635; x_wconf 90' lang='lat' dir='ltr'><strong>subesse</strong></span> <span class='ocrx_word' id='word_1_185' title='bbox 1083 2590 1246 2655; x_wconf 85' lang='lat' dir='ltr'><strong>personae:</strong></span> <span class='ocrx_word' id='word_1_186' title='bbox 1289 2570 1364 2635; x_wconf 88' lang='lat' dir='ltr'><strong>baec</strong></span> <span class='ocrx_word' id='word_1_187' title='bbox 1386 2568 1569 2674; x_wconf 63' lang='lat' dir='ltr'><strong>igiturquia</strong></span> <span class='ocrx_word' id='word_1_188' title='bbox 1592 2578 1739 2658; x_wconf 88' lang='lat' dir='ltr'><strong>utroque</strong></span> <span class='ocrx_word' id='word_1_189' title='bbox 1760 2575 1871 2641; x_wconf 91' lang='lat' dir='ltr'><strong>nornine</strong></span> 
     </span>
     <span class='ocr_line' id='line_1_21' title="bbox 651 2649 1872 2744; baseline 0.005 -26"><span class='ocrx_word' id='word_1_190' title='bbox 651 2662 843 2744; x_wconf 58' lang='lat' dir='ltr'><strong>penmanent,</strong></span> <span class='ocrx_word' id='word_1_191' title='bbox 882 2655 963 2739; x_wconf 91' lang='lat' dir='ltr'><strong>apud</strong></span> <span class='ocrx_word' id='word_1_192' title='bbox 995 2655 1064 2720; x_wconf 84' lang='lat' dir='ltr'><strong>ilios</strong></span> <span class='ocrx_word' id='word_1_193' title='bbox 1093 2649 1247 2737; x_wconf 77' lang='grc' dir='ltr'><strong><em>οὐδέτερα</em></strong></span> <span class='ocrx_word' id='word_1_194' title='bbox 1273 2656 1320 2720; x_wconf 83' lang='grc' dir='ltr'><strong>ιοΙ</strong></span> <span class='ocrx_word' id='word_1_195' title='bbox 1343 2650 1565 2735; x_wconf 76' lang='grc' dir='ltr'><strong><em>ἀπολελυμινοι</em></strong></span> <span class='ocrx_word' id='word_1_196' title='bbox 1589 2654 1764 2738; x_wconf 88' lang='lat' dir='ltr'><strong>dicuntur,</strong></span> <span class='ocrx_word' id='word_1_197' title='bbox 1807 2663 1872 2727; x_wconf 89' lang='lat' dir='ltr'><strong>sicut</strong></span> 
     </span>
     <span class='ocr_line' id='line_1_22' title="bbox 672 2738 1927 2825; baseline 0.003 -16"><span class='ocrx_word' id='word_1_198' title='bbox 672 2739 719 2809; x_wconf 85' lang='grc' dir='ltr'><strong>8ο</strong></span> <span class='ocrx_word' id='word_1_199' title='bbox 743 2739 783 2804; x_wconf 93' lang='lat' dir='ltr'><strong>ud</strong></span> <span class='ocrx_word' id='word_1_200' title='bbox 805 2738 931 2802; x_wconf 87' lang='lat' dir='ltr'><strong>Latinos</strong></span> <span class='ocrx_word' id='word_1_201' title='bbox 952 2741 1017 2802; x_wconf 82' lang='lat' dir='ltr'><strong>calo</strong></span> <span class='ocrx_word' id='word_1_202' title='bbox 1039 2742 1107 2803; x_wconf 78' lang='lat' dir='ltr'><strong>cieo</strong></span> <span class='ocrx_word' id='word_1_203' title='bbox 1128 2742 1219 2804; x_wconf 83' lang='lat' dir='ltr'><strong>caleo.</strong></span> <span class='ocrx_word' id='word_1_204' title='bbox 1262 2740 1322 2804; x_wconf 89' lang='lat' dir='ltr'><strong>Sed</strong></span> <span class='ocrx_word' id='word_1_205' title='bbox 1345 2740 1424 2805; x_wconf 90' lang='lat' dir='ltr'><strong>sicut</strong></span> <span class='ocrx_word' id='word_1_206' title='bbox 1449 2739 1550 2824; x_wconf 83' lang='lat' dir='ltr'><strong>aliqua</strong></span> <span class='ocrx_word' id='word_1_207' title='bbox 1577 2741 1660 2825; x_wconf 88' lang='lat' dir='ltr'><strong>apud</strong></span> <span class='ocrx_word' id='word_1_208' title='bbox 1688 2743 1830 2812; x_wconf 89' lang='lat' dir='ltr'><strong>Graecos</strong></span> <span class='ocrx_word' id='word_1_209' title='bbox 1847 2746 1872 2810; x_wconf 94' lang='lat' dir='ltr'><strong>in</strong></span> <span class='ocrx_word' id='word_1_210' title='bbox 1925 2784 1927 2813; x_wconf 82' lang='lat' dir='ltr'><strong>t</strong></span> 
     </span>
     <span class='ocr_line' id='line_1_23' title="bbox 703 2761 1876 2910; baseline 0.007 -23"><span class='ocrx_word' id='word_1_211' title='bbox 703 2761 904 2893; x_wconf 57' lang='lat' dir='ltr'><strong>tbexeuntia</strong></span> <span class='ocrx_word' id='word_1_212' title='bbox 931 2822 1103 2905; x_wconf 79' lang='lat' dir='ltr'><strong>significant</strong></span> <span class='ocrx_word' id='word_1_213' title='bbox 1130 2823 1318 2909; x_wconf 88' lang='lat' dir='ltr'><strong>passionem,</strong></span> <span class='ocrx_word' id='word_1_214' title='bbox 1356 2824 1399 2888; x_wconf 89' lang='lat' dir='ltr'><strong>ita</strong></span> <span class='ocrx_word' id='word_1_215' title='bbox 1422 2825 1516 2890; x_wconf 87' lang='lat' dir='ltr'><strong>multa</strong></span> <span class='ocrx_word' id='word_1_216' title='bbox 1543 2826 1707 2910; x_wconf 85' lang='lat' dir='ltr'><strong>repperies</strong></span> <span class='ocrx_word' id='word_1_217' title='bbox 1734 2831 1770 2895; x_wconf 94' lang='lat' dir='ltr'><strong>in</strong></span> <span class='ocrx_word' id='word_1_218' title='bbox 1793 2833 1876 2894; x_wconf 83' lang='lat' dir='ltr'><strong>MAI</strong></span> 
     </span>
     <span class='ocr_line' id='line_1_24' title="bbox 701 2907 1874 3000; baseline 0.007 -25"><span class='ocrx_word' id='word_1_219' title='bbox 701 2907 871 2975; x_wconf 88' lang='lat' dir='ltr'><strong>desinentia</strong></span> <span class='ocrx_word' id='word_1_220' title='bbox 892 2915 923 2972; x_wconf 90' lang='lat' dir='ltr'><strong>et</strong></span> <span class='ocrx_word' id='word_1_221' title='bbox 945 2908 1075 2973; x_wconf 81' lang='lat' dir='ltr'><strong>activam</strong></span> <span class='ocrx_word' id='word_1_222' title='bbox 1095 2917 1215 2974; x_wconf 89' lang='lat' dir='ltr'><strong>tantum</strong></span> <span class='ocrx_word' id='word_1_223' title='bbox 1243 2907 1387 2976; x_wconf 88' lang='lat' dir='ltr'><strong>habentia</strong></span> <span class='ocrx_word' id='word_1_224' title='bbox 1408 2908 1679 2994; x_wconf 80' lang='lat' dir='ltr'><strong>significationem:</strong></span> <span class='ocrx_word' id='word_1_225' title='bbox 1723 2924 1764 2982; x_wconf 93' lang='lat' dir='ltr'><strong>ut</strong></span> <span class='ocrx_word' id='word_1_226' title='bbox 1789 2912 1874 3000; x_wconf 70' lang='lat' dir='ltr'><strong>aribo</strong></span> 
     </span>
     <span class='ocr_line' id='line_1_25' title="bbox 701 2990 1875 3086; baseline 0.006 -27"><span class='ocrx_word' id='word_1_227' title='bbox 701 2994 761 3078; x_wconf 79' lang='grc' dir='ltr'><strong>μοί</strong></span> <span class='ocrx_word' id='word_1_228' title='bbox 782 3009 853 3072; x_wconf 86' lang='grc' dir='ltr'><strong><em>σου,</em></strong></span> <span class='ocrx_word' id='word_1_229' title='bbox 876 2992 1031 3078; x_wconf 67' lang='grc' dir='ltr'><strong><em>φείδομαι</em></strong></span> <span class='ocrx_word' id='word_1_230' title='bbox 1053 3008 1123 3077; x_wconf 82' lang='grc' dir='ltr'><strong><em>σου,</em></strong></span> <span class='ocrx_word' id='word_1_231' title='bbox 1145 2990 1337 3080; x_wconf 79' lang='grc' dir='ltr'><strong><em>ἐπιμέλομαι</em></strong></span> <span class='ocrx_word' id='word_1_232' title='bbox 1358 3010 1429 3075; x_wconf 86' lang='grc' dir='ltr'><strong><em>σου,</em></strong></span> <span class='ocrx_word' id='word_1_233' title='bbox 1451 2990 1626 3078; x_wconf 59' lang='lat' dir='ltr'><strong>[nedicunt</strong></span> <span class='ocrx_word' id='word_1_234' title='bbox 1647 3012 1716 3078; x_wconf 84' lang='grc' dir='ltr'><strong><em>σοι,</em></strong></span> <span class='ocrx_word' id='word_1_235' title='bbox 1738 2998 1875 3086; x_wconf 74' lang='grc' dir='ltr'><strong><em>μάχομιιλ</em></strong></span> 
     </span>
    </p>
   </div>
   <div class='ocr_carea' id='block_1_4' title="bbox 769 3186 888 3250">
    <p class='ocr_par' dir='ltr' id='par_1_4' title="bbox 769 3186 888 3250">
     <span class='ocr_line' id='line_1_26' title="bbox 769 3186 888 3250; baseline 0 -11"><span class='ocrx_word' id='word_1_236' title='bbox 769 3186 824 3239; x_wconf 83' lang='grc' dir='ltr'><strong>Μι.</strong></span> <span class='ocrx_word' id='word_1_237' title='bbox 841 3186 888 3250; x_wconf 86' lang='grc' dir='ltr'><strong>Ρ.]</strong></span> 
     </span>
    </p>
   </div>
   <div class='ocr_carea' id='block_1_5' title="bbox 699 3269 1875 3481">
    <p class='ocr_par' dir='ltr' id='par_1_5' title="bbox 699 3269 1875 3481">
     <span class='ocr_line' id='line_1_27' title="bbox 699 3269 1875 3349; baseline 0.001 -25"><span class='ocrx_word' id='word_1_238' title='bbox 699 3276 726 3324; x_wconf 72' lang='lat' dir='ltr'><strong>b.</strong></span> <span class='ocrx_word' id='word_1_239' title='bbox 760 3272 947 3340; x_wconf 75' lang='lat' dir='ltr'><strong>designantia</strong></span> <span class='ocrx_word' id='word_1_240' title='bbox 964 3271 1065 3340; x_wconf 78' lang='lat' dir='ltr'><strong>scripsi</strong></span> <span class='ocrx_word' id='word_1_241' title='bbox 1082 3290 1098 3325; x_wconf 93' lang='lat' dir='ltr'><strong>e</strong></span> <span class='ocrx_word' id='word_1_242' title='bbox 1116 3270 1187 3326; x_wconf 89' lang='lat' dir='ltr'><strong>coni.</strong></span> <span class='ocrx_word' id='word_1_243' title='bbox 1205 3272 1257 3331; x_wconf 79' lang='lat' dir='ltr'><strong>(cf.</strong></span> <span class='ocrx_word' id='word_1_244' title='bbox 1277 3271 1351 3323; x_wconf 79' lang='lat' dir='ltr'><strong>inira</strong></span> <span class='ocrx_word' id='word_1_245' title='bbox 1369 3271 1383 3339; x_wconf 57' lang='grc' dir='ltr'><strong>ᾗ</strong></span> <span class='ocrx_word' id='word_1_246' title='bbox 1400 3275 1425 3321; x_wconf 86' lang='grc'><strong>8.</strong></span> <span class='ocrx_word' id='word_1_247' title='bbox 1443 3275 1471 3322; x_wconf 83' lang='grc' dir='ltr'><strong>ολ</strong></span> <span class='ocrx_word' id='word_1_248' title='bbox 1486 3287 1509 3321; x_wconf 91' lang='lat' dir='ltr'><strong>c.</strong></span> <span class='ocrx_word' id='word_1_249' title='bbox 1526 3273 1570 3333; x_wconf 71' lang='lat'><strong>20,</strong></span> <span class='ocrx_word' id='word_1_250' title='bbox 1586 3269 1600 3337; x_wconf 57' lang='grc' dir='ltr'><strong>ᾗ</strong></span> <span class='ocrx_word' id='word_1_251' title='bbox 1617 3275 1677 3333; x_wconf 75' lang='lat'><strong>28.)</strong></span> <span class='ocrx_word' id='word_1_252' title='bbox 1716 3276 1875 3349; x_wconf 63' lang='lat' dir='ltr'><strong>designant</strong></span> 
     </span>
     <span class='ocr_line' id='line_1_28' title="bbox 701 3333 1874 3408; baseline 0.002 -19"><span class='ocrx_word' id='word_1_253' title='bbox 701 3339 731 3389; x_wconf 88' lang='lat' dir='ltr'><strong>P.</strong></span> <span class='ocrx_word' id='word_1_254' title='bbox 768 3341 923 3408; x_wconf 79' lang='lat' dir='ltr'><strong>designare</strong></span> <span class='ocrx_word' id='word_1_255' title='bbox 950 3340 1020 3392; x_wconf 80' lang='lat' dir='ltr'><strong>Edd.</strong></span> <span class='ocrx_word' id='word_1_256' title='bbox 1172 3343 1196 3390; x_wconf 88' lang='grc'><strong>6.</strong></span> <span class='ocrx_word' id='word_1_257' title='bbox 1232 3333 1291 3391; x_wconf 71' lang='lat' dir='ltr'><strong>ond</strong></span> <span class='ocrx_word' id='word_1_258' title='bbox 1311 3354 1361 3390; x_wconf 84' lang='lat' dir='ltr'><strong>coe</strong></span> <span class='ocrx_word' id='word_1_259' title='bbox 1383 3337 1483 3398; x_wconf 84' lang='lat' dir='ltr'><strong>(etiam</strong></span> <span class='ocrx_word' id='word_1_260' title='bbox 1506 3338 1595 3399; x_wconf 81' lang='lat' dir='ltr'><strong>inira)</strong></span> <span class='ocrx_word' id='word_1_261' title='bbox 1621 3340 1692 3392; x_wconf 79' lang='lat' dir='ltr'><strong>Edd.</strong></span> <span class='ocrx_word' id='word_1_262' title='bbox 1852 3350 1874 3397; x_wconf 85' lang='lat'><strong>8.</strong></span> 
     </span>
     <span class='ocr_line' id='line_1_29' title="bbox 699 3402 1874 3481; baseline 0.008 -23"><span class='ocrx_word' id='word_1_263' title='bbox 699 3406 838 3460; x_wconf 74' lang='lat' dir='ltr'><strong>habentia</strong></span> <span class='ocrx_word' id='word_1_264' title='bbox 854 3407 957 3477; x_wconf 80' lang='lat' dir='ltr'><strong>scripsi</strong></span> <span class='ocrx_word' id='word_1_265' title='bbox 977 3425 992 3459; x_wconf 93' lang='lat' dir='ltr'><strong>e</strong></span> <span class='ocrx_word' id='word_1_266' title='bbox 1009 3406 1081 3460; x_wconf 89' lang='lat' dir='ltr'><strong>coni.</strong></span> <span class='ocrx_word' id='word_1_267' title='bbox 1115 3408 1222 3461; x_wconf 80' lang='lat' dir='ltr'><strong>babent</strong></span> <span class='ocrx_word' id='word_1_268' title='bbox 1240 3407 1343 3459; x_wconf 69' lang='lat' dir='ltr'><strong>Eddd’.</strong></span> <span class='ocrx_word' id='word_1_269' title='bbox 1379 3406 1439 3457; x_wconf 78' lang='lat' dir='ltr'><strong>viu.</strong></span> <span class='ocrx_word' id='word_1_270' title='bbox 1459 3414 1515 3458; x_wconf 86' lang='lat' dir='ltr'><strong>not.</strong></span> <span class='ocrx_word' id='word_1_271' title='bbox 1530 3435 1564 3445; x_wconf 97' lang='lat'><em>-</em></span> <span class='ocrx_word' id='word_1_272' title='bbox 1586 3402 1747 3475; x_wconf 73' lang='grc' dir='ltr'><strong><em>λιιποὶζομοιι</em></strong></span> <span class='ocrx_word' id='word_1_273' title='bbox 1766 3426 1828 3466; x_wconf 82' lang='lat' dir='ltr'><strong>aaa</strong></span> <span class='ocrx_word' id='word_1_274' title='bbox 1844 3414 1874 3481; x_wconf 81' lang='lat' dir='ltr'><strong>pd</strong></span> 
     </span>
    </p>
   </div>
   <div class='ocr_carea' id='block_1_6' title="bbox 594 3605 1968 5302">
    <p class='ocr_par' dir='ltr' id='par_1_6' title="bbox 698 3605 1947 3870">
     <span class='ocr_line' id='line_1_30' title="bbox 700 3605 1874 3679; baseline 0.009 -23"><span class='ocrx_word' id='word_1_275' title='bbox 700 3621 754 3656; x_wconf 89' lang='lat' dir='ltr'><strong>non</strong></span> <span class='ocrx_word' id='word_1_276' title='bbox 783 3605 853 3658; x_wconf 80' lang='lat' dir='ltr'><strong>antis</strong></span> <span class='ocrx_word' id='word_1_277' title='bbox 879 3607 976 3674; x_wconf 84' lang='lat' dir='ltr'><strong>liquat.</strong></span> <span class='ocrx_word' id='word_1_278' title='bbox 1012 3609 1100 3662; x_wconf 82' lang='lat' dir='ltr'><strong>Recte</strong></span> <span class='ocrx_word' id='word_1_279' title='bbox 1128 3626 1197 3676; x_wconf 77' lang='lat' dir='ltr'><strong>ergo</strong></span> <span class='ocrx_word' id='word_1_280' title='bbox 1225 3610 1260 3662; x_wconf 91' lang='lat' dir='ltr'><strong>de</strong></span> <span class='ocrx_word' id='word_1_281' title='bbox 1344 3614 1368 3660; x_wconf 86' lang='lat' dir='ltr'><strong>et</strong></span> <span class='ocrx_word' id='word_1_282' title='bbox 1390 3608 1418 3659; x_wconf 89' lang='lat' dir='ltr'><strong>in</strong></span> <span class='ocrx_word' id='word_1_283' title='bbox 1437 3608 1523 3660; x_wconf 83' lang='lat' dir='ltr'><strong>actico</strong></span> <span class='ocrx_word' id='word_1_284' title='bbox 1543 3615 1568 3661; x_wconf 88' lang='lat' dir='ltr'><strong>et</strong></span> <span class='ocrx_word' id='word_1_285' title='bbox 1585 3610 1707 3679; x_wconf 72' lang='lat' dir='ltr'><strong>paetico]</strong></span> <span class='ocrx_word' id='word_1_286' title='bbox 1733 3614 1800 3669; x_wconf 78' lang='lat' dir='ltr'><strong>Vid.</strong></span> <span class='ocrx_word' id='word_1_287' title='bbox 1822 3623 1874 3668; x_wconf 77' lang='lat' dir='ltr'><strong>net.</strong></span> 
     </span>
     <span class='ocr_line' id='line_1_31' title="bbox 699 3673 1523 3742; baseline 0.006 -21"><span class='ocrx_word' id='word_1_288' title='bbox 699 3673 776 3722; x_wconf 81' lang='lat' dir='ltr'><strong>verb.</strong></span> <span class='ocrx_word' id='word_1_289' title='bbox 797 3674 817 3722; x_wconf 86' lang='lat' dir='ltr'><strong>i.</strong></span> <span class='ocrx_word' id='word_1_290' title='bbox 839 3692 862 3725; x_wconf 91' lang='lat' dir='ltr'><strong>c.</strong></span> <span class='ocrx_word' id='word_1_291' title='bbox 882 3676 977 3727; x_wconf 87' lang='lat' dir='ltr'><strong>addita</strong></span> <span class='ocrx_word' id='word_1_292' title='bbox 999 3679 1044 3728; x_wconf 85' lang='lat' dir='ltr'><strong>rel</strong></span> <span class='ocrx_word' id='word_1_293' title='bbox 1068 3683 1260 3730; x_wconf 81' lang='lat' dir='ltr'><strong>retentarunt</strong></span> <span class='ocrx_word' id='word_1_294' title='bbox 1310 3674 1345 3726; x_wconf 86' lang='lat' dir='ltr'><strong>ad</strong></span> <span class='ocrx_word' id='word_1_295' title='bbox 1365 3692 1387 3726; x_wconf 92' lang='lat' dir='ltr'><strong>c.</strong></span> <span class='ocrx_word' id='word_1_296' title='bbox 1407 3679 1450 3741; x_wconf 78' lang='lat'><strong>2³,</strong></span> <span class='ocrx_word' id='word_1_297' title='bbox 1468 3676 1481 3742; x_wconf 68' lang='grc'><strong>5</strong></span> <span class='ocrx_word' id='word_1_298' title='bbox 1498 3680 1523 3726; x_wconf 73' lang='lat'><strong>2.</strong></span> 
     </span>
     <span class='ocr_line' id='line_1_32' title="bbox 700 3740 1947 3813; baseline 0.01 -25"><span class='ocrx_word' id='word_1_299' title='bbox 700 3740 800 3789; x_wconf 72' lang='lat' dir='ltr'><strong>verbor</strong></span> <span class='ocrx_word' id='word_1_300' title='bbox 836 3741 905 3791; x_wconf 81' lang='lat' dir='ltr'><strong>Nara</strong></span> <span class='ocrx_word' id='word_1_301' title='bbox 921 3751 946 3793; x_wconf 89' lang='lat' dir='ltr'><strong>ct</strong></span> <span class='ocrx_word' id='word_1_302' title='bbox 963 3744 1009 3808; x_wconf 77' lang='lat' dir='ltr'><strong>qni</strong></span> <span class='ocrx_word' id='word_1_303' title='bbox 1026 3746 1087 3811; x_wconf 85' lang='lat' dir='ltr'><strong>agit</strong></span> <span class='ocrx_word' id='word_1_304' title='bbox 1105 3754 1130 3796; x_wconf 84' lang='lat' dir='ltr'><strong>et</strong></span> <span class='ocrx_word' id='word_1_305' title='bbox 1149 3747 1194 3813; x_wconf 78' lang='lat' dir='ltr'><strong>qai</strong></span> <span class='ocrx_word' id='word_1_306' title='bbox 1206 3762 1259 3813; x_wconf 85' lang='lat' dir='ltr'><strong>pa·</strong></span> <span class='ocrx_word' id='word_1_307' title='bbox 1343 3747 1369 3793; x_wconf 84' lang='grc' dir='ltr'><strong>θ.</strong></span> <span class='ocrx_word' id='word_1_308' title='bbox 1404 3744 1444 3794; x_wconf 85' lang='lat' dir='ltr'><strong>ita</strong></span> <span class='ocrx_word' id='word_1_309' title='bbox 1473 3744 1557 3795; x_wconf 84' lang='lat' dir='ltr'><strong>matta</strong></span> <span class='ocrx_word' id='word_1_310' title='bbox 1583 3746 1718 3811; x_wconf 76' lang='lat' dir='ltr'><strong>repperiet</strong></span> <span class='ocrx_word' id='word_1_311' title='bbox 1748 3750 1779 3802; x_wconf 86' lang='grc' dir='ltr'><strong>ιἰι</strong></span> <span class='ocrx_word' id='word_1_312' title='bbox 1807 3751 1875 3802; x_wconf 82' lang='lat' dir='ltr'><strong>MAI</strong></span> <span class='ocrx_word' id='word_1_313' title='bbox 1945 3779 1947 3784; x_wconf 95' lang='lat'>·</span> 
     </span>
     <span class='ocr_line' id='line_1_33' title="bbox 698 3807 1872 3870; baseline 0.011 -13"><span class='ocrx_word' id='word_1_314' title='bbox 698 3807 765 3857; x_wconf 84' lang='lat' dir='ltr'><strong>titur</strong></span> <span class='ocrx_word' id='word_1_315' title='bbox 781 3815 883 3857; x_wconf 87' lang='lat' dir='ltr'><strong>mente</strong></span> <span class='ocrx_word' id='word_1_316' title='bbox 898 3809 1071 3870; x_wconf 74' lang='lat' dir='ltr'><strong>adficitur.</strong></span> <span class='ocrx_word' id='word_1_317' title='bbox 1310 3809 1457 3862; x_wconf 77' lang='lat' dir='ltr'><strong>desinentia</strong></span> <span class='ocrx_word' id='word_1_318' title='bbox 1473 3820 1498 3861; x_wconf 89' lang='lat' dir='ltr'><strong>et</strong></span> <span class='ocrx_word' id='word_1_319' title='bbox 1516 3811 1631 3863; x_wconf 79' lang='lat' dir='ltr'><strong>activam</strong></span> <span class='ocrx_word' id='word_1_320' title='bbox 1649 3820 1760 3867; x_wconf 86' lang='lat' dir='ltr'><strong>tanturn</strong></span> <span class='ocrx_word' id='word_1_321' title='bbox 1778 3819 1872 3869; x_wconf 75' lang='lat' dir='ltr'><strong>lrabea-</strong></span> 
     </span>
    </p>

    <p class='ocr_par' dir='ltr' id='par_1_7' title="bbox 699 3874 1874 4084">
     <span class='ocr_line' id='line_1_34' title="bbox 733 3874 1872 3945; baseline 0.013 -24"><span class='ocrx_word' id='word_1_322' title='bbox 733 3875 759 3922; x_wconf 79' lang='lat'><strong>8.</strong></span> <span class='ocrx_word' id='word_1_323' title='bbox 793 3889 894 3926; x_wconf 77' lang='lat' dir='ltr'><strong>necesse</strong></span> <span class='ocrx_word' id='word_1_324' title='bbox 917 3874 1013 3925; x_wconf 80' lang='lat' dir='ltr'><strong>babent</strong></span> <span class='ocrx_word' id='word_1_325' title='bbox 1036 3875 1125 3945; x_wconf 75' lang='lat' dir='ltr'><strong>iungi]</strong></span> <span class='ocrx_word' id='word_1_326' title='bbox 1152 3878 1258 3930; x_wconf 81' lang='lat' dir='ltr'><strong>Eadem</strong></span> <span class='ocrx_word' id='word_1_327' title='bbox 1309 3876 1348 3926; x_wconf 84' lang='lat' dir='ltr'><strong>tia</strong></span> <span class='ocrx_word' id='word_1_328' title='bbox 1367 3879 1440 3944; x_wconf 73' lang='lat' dir='ltr'><strong>rigni</strong></span> <span class='ocrx_word' id='word_1_329' title='bbox 1474 3879 1598 3945; x_wconf 81' lang='lat' dir='ltr'><strong>ationem]</strong></span> <span class='ocrx_word' id='word_1_330' title='bbox 1626 3879 1657 3931; x_wconf 92' lang='lat' dir='ltr'><strong>ln</strong></span> <span class='ocrx_word' id='word_1_331' title='bbox 1679 3881 1767 3936; x_wconf 76' lang='lat' dir='ltr'><strong>iibri·</strong></span> <span class='ocrx_word' id='word_1_332' title='bbox 1787 3884 1872 3936; x_wconf 87' lang='lat' dir='ltr'><strong>ornai-</strong></span> 
     </span>
     <span class='ocr_line' id='line_1_35' title="bbox 699 3940 1873 4019; baseline 0.014 -31"><span class='ocrx_word' id='word_1_333' title='bbox 699 3940 871 3993; x_wconf 76' lang='lat' dir='ltr'><strong>constructio</strong></span> <span class='ocrx_word' id='word_1_334' title='bbox 894 3942 938 3995; x_wconf 84' lang='lat' dir='ltr'><strong>bir</strong></span> <span class='ocrx_word' id='word_1_335' title='bbox 963 3942 1069 4011; x_wconf 78' lang='lat' dir='ltr'><strong>tegitur</strong></span> <span class='ocrx_word' id='word_1_336' title='bbox 1090 3944 1125 3996; x_wconf 91' lang='lat' dir='ltr'><strong>de</strong></span> <span class='ocrx_word' id='word_1_337' title='bbox 1143 3946 1219 3996; x_wconf 82' lang='lat' dir='ltr'><strong>verb.</strong></span> <span class='ocrx_word' id='word_1_338' title='bbox 1239 3945 1259 3997; x_wconf 88' lang='lat' dir='ltr'><strong>i.</strong></span> <span class='ocrx_word' id='word_1_339' title='bbox 1309 3944 1360 3994; x_wconf 80' lang='lat' dir='ltr'><strong>bu·</strong></span> <span class='ocrx_word' id='word_1_340' title='bbox 1385 3946 1632 4010; x_wconf 67' lang='lat' dir='ltr'><strong>regenerantem,</strong></span> <span class='ocrx_word' id='word_1_341' title='bbox 1669 3950 1719 4000; x_wconf 83' lang='lat' dir='ltr'><strong>sed</strong></span> <span class='ocrx_word' id='word_1_342' title='bbox 1752 3954 1873 4019; x_wconf 80' lang='lat' dir='ltr'><strong>pendeat</strong></span> 
     </span>
     <span class='ocr_line' id='line_1_36' title="bbox 699 4005 1874 4084; baseline 0.021 -37"><span class='ocrx_word' id='word_1_343' title='bbox 699 4022 722 4057; x_wconf 63' lang='grc' dir='ltr'><strong>ς,</strong></span> <span class='ocrx_word' id='word_1_344' title='bbox 745 4005 802 4073; x_wconf 65' lang='lat'><strong>53,</strong></span> <span class='ocrx_word' id='word_1_345' title='bbox 1308 4010 1380 4062; x_wconf 85' lang='lat' dir='ltr'><strong>boec</strong></span> <span class='ocrx_word' id='word_1_346' title='bbox 1398 4014 1434 4064; x_wconf 89' lang='lat' dir='ltr'><strong>ab</strong></span> <span class='ocrx_word' id='word_1_347' title='bbox 1458 4014 1640 4065; x_wconf 79' lang='lat' dir='ltr'><strong>antecedente</strong></span> <span class='ocrx_word' id='word_1_348' title='bbox 1659 4022 1812 4084; x_wconf 72' lang='lat' dir='ltr'><strong>repperies,</strong></span> <span class='ocrx_word' id='word_1_349' title='bbox 1846 4027 1874 4073; x_wconf 78' lang='lat' dir='ltr'><strong>aa</strong></span> 
     </span>
    </p>

    <p class='ocr_par' dir='ltr' id='par_1_8' title="bbox 696 4070 1938 4423">
     <span class='ocr_line' id='line_1_37' title="bbox 731 4070 1938 4162; baseline 0.012 -36"><span class='ocrx_word' id='word_1_350' title='bbox 731 4078 758 4127; x_wconf 83' lang='lat'><strong>4.</strong></span> <span class='ocrx_word' id='word_1_351' title='bbox 797 4070 942 4145; x_wconf 70' lang='grc' dir='ltr'><strong><em>οὐδέτερον</em></strong></span> <span class='ocrx_word' id='word_1_352' title='bbox 976 4078 1018 4131; x_wconf 84' lang='lat' dir='ltr'><strong>cel</strong></span> <span class='ocrx_word' id='word_1_353' title='bbox 1049 4071 1257 4149; x_wconf 65' lang='grc' dir='ltr'><strong><em>ἀπολελυμένον]</em></strong></span> <span class='ocrx_word' id='word_1_354' title='bbox 1310 4078 1489 4148; x_wconf 81' lang='lat' dir='ltr'><strong>participium</strong></span> <span class='ocrx_word' id='word_1_355' title='bbox 1525 4083 1685 4135; x_wconf 75' lang='lat' dir='ltr'><strong>necessaria</strong></span> <span class='ocrx_word' id='word_1_356' title='bbox 1718 4085 1760 4137; x_wconf 83' lang='lat' dir='ltr'><strong>ait</strong></span> <span class='ocrx_word' id='word_1_357' title='bbox 1793 4086 1874 4139; x_wconf 83' lang='lat' dir='ltr'><strong>reati·</strong></span> <span class='ocrx_word' id='word_1_358' title='bbox 1933 4105 1938 4162; x_wconf 71' lang='lat' dir='ltr'><strong>p</strong></span> 
     </span>
     <span class='ocr_line' id='line_1_38' title="bbox 696 4140 1875 4222; baseline 0.014 -30"><span class='ocrx_word' id='word_1_359' title='bbox 696 4140 832 4196; x_wconf 81' lang='lat' dir='ltr'><strong>Dererb.</strong></span> <span class='ocrx_word' id='word_1_360' title='bbox 857 4146 875 4198; x_wconf 91' lang='grc' dir='ltr'><strong>Ι.</strong></span> <span class='ocrx_word' id='word_1_361' title='bbox 895 4163 919 4198; x_wconf 86' lang='grc' dir='ltr'><strong>ο.</strong></span> <span class='ocrx_word' id='word_1_362' title='bbox 941 4145 1129 4211; x_wconf 69' lang='lat' dir='ltr'><strong>§Mantinea</strong></span> <span class='ocrx_word' id='word_1_363' title='bbox 1162 4158 1257 4200; x_wconf 80' lang='lat' dir='ltr'><strong>neutra</strong></span> <span class='ocrx_word' id='word_1_364' title='bbox 1309 4147 1804 4213; x_wconf 72' lang='lat' dir='ltr'><strong>tuendum,nieifontemarircurn</strong></span> <span class='ocrx_word' id='word_1_365' title='bbox 1818 4155 1875 4222; x_wconf 84' lang='lat' dir='ltr'><strong>Op-</strong></span> 
     </span>
     <span class='ocr_line' id='line_1_39' title="bbox 696 4213 1938 4290; baseline 0.012 -28"><span class='ocrx_word' id='word_1_366' title='bbox 696 4217 722 4263; x_wconf 89' lang='lat' dir='ltr'><strong>ct</strong></span> <span class='ocrx_word' id='word_1_367' title='bbox 739 4213 939 4277; x_wconf 81' lang='lat' dir='ltr'><strong>adeatutc‚·et</strong></span> <span class='ocrx_word' id='word_1_368' title='bbox 957 4215 1093 4268; x_wconf 78' lang='lat' dir='ltr'><strong>Priscian.</strong></span> <span class='ocrx_word' id='word_1_369' title='bbox 1113 4216 1162 4269; x_wconf 87' lang='lat' dir='ltr'><strong>lib.</strong></span> <span class='ocrx_word' id='word_1_370' title='bbox 1182 4216 1257 4280; x_wconf 83' lang='lat' dir='ltr'><strong>vul,</strong></span> <span class='ocrx_word' id='word_1_371' title='bbox 1308 4231 1411 4281; x_wconf 82' lang='lat' dir='ltr'><strong>ropoeo</strong></span> <span class='ocrx_word' id='word_1_372' title='bbox 1445 4217 1580 4268; x_wconf 77' lang='lat' dir='ltr'><strong>scribere:</strong></span> <span class='ocrx_word' id='word_1_373' title='bbox 1618 4235 1702 4284; x_wconf 72' lang='lat' dir='ltr'><strong>aeae</strong></span> <span class='ocrx_word' id='word_1_374' title='bbox 1737 4224 1875 4275; x_wconf 74' lang='lat' dir='ltr'><strong>canitur</strong></span> <span class='ocrx_word' id='word_1_375' title='bbox 1936 4285 1938 4290; x_wconf 28' lang='lat'><strong>¹</strong></span> 
     </span>
     <span class='ocr_line' id='line_1_40' title="bbox 697 4277 1873 4359; baseline 0.012 -30"><span class='ocrx_word' id='word_1_376' title='bbox 697 4277 761 4330; x_wconf 93' lang='lat' dir='ltr'><strong>init.</strong></span> <span class='ocrx_word' id='word_1_377' title='bbox 788 4283 822 4333; x_wconf 80' lang='lat' dir='ltr'><strong>lit</strong></span> <span class='ocrx_word' id='word_1_378' title='bbox 841 4289 960 4334; x_wconf 82' lang='lat' dir='ltr'><strong>neutra</strong></span> <span class='ocrx_word' id='word_1_379' title='bbox 984 4285 1052 4334; x_wconf 84' lang='lat' dir='ltr'><strong>enirn</strong></span> <span class='ocrx_word' id='word_1_380' title='bbox 1074 4302 1143 4352; x_wconf 80' lang='lat' dir='ltr'><strong>quae</strong></span> <span class='ocrx_word' id='word_1_381' title='bbox 1164 4286 1258 4336; x_wconf 81' lang='lat' dir='ltr'><strong>dicun·</strong></span> <span class='ocrx_word' id='word_1_382' title='bbox 1308 4283 1498 4350; x_wconf 81' lang='lat' dir='ltr'><strong>iunguntur</strong></span> <span class='ocrx_word' id='word_1_383' title='bbox 1514 4294 1539 4336; x_wconf 83' lang='lat' dir='ltr'><strong>et</strong></span> <span class='ocrx_word' id='word_1_384' title='bbox 1558 4286 1673 4337; x_wconf 80' lang='lat' dir='ltr'><strong>activam</strong></span> <span class='ocrx_word' id='word_1_385' title='bbox 1690 4286 1792 4342; x_wconf 75' lang='lat' dir='ltr'><strong>baberet</strong></span> <span class='ocrx_word' id='word_1_386' title='bbox 1816 4292 1873 4359; x_wconf 80' lang='lat' dir='ltr'><strong>eig-</strong></span> 
     </span>
     <span class='ocr_line' id='line_1_41' title="bbox 698 4349 1873 4423; baseline 0.008 -24"><span class='ocrx_word' id='word_1_387' title='bbox 698 4349 918 4400; x_wconf 66' lang='lat' dir='ltr'><strong>taratantara.</strong></span> <span class='ocrx_word' id='word_1_388' title='bbox 1306 4350 1491 4416; x_wconf 71' lang='lat' dir='ltr'><strong>suificationem.</strong></span> <span class='ocrx_word' id='word_1_389' title='bbox 1526 4351 1621 4403; x_wconf 82' lang='lat' dir='ltr'><strong>Simili</strong></span> <span class='ocrx_word' id='word_1_390' title='bbox 1644 4354 1728 4405; x_wconf 87' lang='lat' dir='ltr'><strong>rnodo</strong></span> <span class='ocrx_word' id='word_1_391' title='bbox 1753 4358 1873 4423; x_wconf 79' lang='lat' dir='ltr'><strong>eupra§</strong></span> 
     </span>
    </p>

    <p class='ocr_par' dir='ltr' id='par_1_9' title="bbox 697 4414 1958 4822">
     <span class='ocr_line' id='line_1_42' title="bbox 731 4414 1874 4501; baseline 0.012 -38"><span class='ocrx_word' id='word_1_392' title='bbox 731 4417 757 4463; x_wconf 77' lang='lat' dir='ltr'><strong>b.</strong></span> <span class='ocrx_word' id='word_1_393' title='bbox 790 4416 939 4479; x_wconf 75' lang='lat' dir='ltr'><strong>passionem</strong></span> <span class='ocrx_word' id='word_1_394' title='bbox 952 4414 1055 4481; x_wconf 84' lang='lat' dir='ltr'><strong>sonant]</strong></span> <span class='ocrx_word' id='word_1_395' title='bbox 1070 4416 1196 4470; x_wconf 79' lang='lat' dir='ltr'><strong>Offendit</strong></span> <span class='ocrx_word' id='word_1_396' title='bbox 1213 4435 1257 4469; x_wconf 90' lang='lat' dir='ltr'><strong>me</strong></span> <span class='ocrx_word' id='word_1_397' title='bbox 1307 4420 1332 4468; x_wconf 77' lang='lat' dir='ltr'><strong>b.</strong></span> <span class='ocrx_word' id='word_1_398' title='bbox 1351 4416 1380 4468; x_wconf 89' lang='lat' dir='ltr'><strong>iu</strong></span> <span class='ocrx_word' id='word_1_399' title='bbox 1401 4417 1498 4470; x_wconf 85' lang='lat' dir='ltr'><strong>codice</strong></span> <span class='ocrx_word' id='word_1_400' title='bbox 1518 4420 1623 4486; x_wconf 77' lang='lat' dir='ltr'><strong>legitor</strong></span> <span class='ocrx_word' id='word_1_401' title='bbox 1641 4422 1803 4501; x_wconf 65' lang='lat' dir='ltr'><strong>derignant</strong></span> <span class='ocrx_word' id='word_1_402' title='bbox 1824 4442 1874 4492; x_wconf 80' lang='lat' dir='ltr'><strong>pro</strong></span> 
     </span>
     <span class='ocr_line' id='line_1_43' title="bbox 698 4476 1955 4592; baseline 0.014 -65"><span class='ocrx_word' id='word_1_403' title='bbox 698 4476 747 4528; x_wconf 86' lang='lat' dir='ltr'><strong>bic</strong></span> <span class='ocrx_word' id='word_1_404' title='bbox 772 4479 857 4531; x_wconf 81' lang='lat' dir='ltr'><strong>boine</strong></span> <span class='ocrx_word' id='word_1_405' title='bbox 887 4481 965 4532; x_wconf 83' lang='lat' dir='ltr'><strong>verbi</strong></span> <span class='ocrx_word' id='word_1_406' title='bbox 993 4499 1068 4535; x_wconf 81' lang='lat' dir='ltr'><strong>uene.</strong></span> <span class='ocrx_word' id='word_1_407' title='bbox 1103 4486 1256 4537; x_wconf 86' lang='lat' dir='ltr'><strong>Dicendnm</strong></span> <span class='ocrx_word' id='word_1_408' title='bbox 1307 4484 1507 4553; x_wconf 59' lang='lat' dir='ltr'><strong>decimatio,</strong></span> <span class='ocrx_word' id='word_1_409' title='bbox 1540 4488 1613 4552; x_wconf 92' lang='lat' dir='ltr'><strong>quod</strong></span> <span class='ocrx_word' id='word_1_410' title='bbox 1637 4487 1707 4539; x_wconf 77' lang='lat' dir='ltr'><strong>mibi</strong></span> <span class='ocrx_word' id='word_1_411' title='bbox 1732 4507 1874 4559; x_wconf 83' lang='lat' dir='ltr'><strong>reponen·</strong></span> <span class='ocrx_word' id='word_1_412' title='bbox 1951 4493 1955 4592; x_wconf 58' lang='lat' dir='ltr'><strong>p</strong></span> 
     </span>
     <span class='ocr_line' id='line_1_44' title="bbox 698 4549 1873 4626; baseline 0.015 -33"><span class='ocrx_word' id='word_1_413' title='bbox 698 4550 836 4607; x_wconf 80' lang='lat' dir='ltr'><strong>eretaut,</strong></span> <span class='ocrx_word' id='word_1_414' title='bbox 856 4552 885 4599; x_wconf 92' lang='lat' dir='ltr'><strong>ut</strong></span> <span class='ocrx_word' id='word_1_415' title='bbox 904 4549 1256 4620; x_wconf 73' lang='lat' dir='ltr'><strong>iegitnr§8.,paeeionem</strong></span> <span class='ocrx_word' id='word_1_416' title='bbox 1307 4551 1371 4602; x_wconf 84' lang='lat' dir='ltr'><strong>darn</strong></span> <span class='ocrx_word' id='word_1_417' title='bbox 1397 4569 1460 4603; x_wconf 79' lang='lat' dir='ltr'><strong>ease</strong></span> <span class='ocrx_word' id='word_1_418' title='bbox 1483 4553 1631 4605; x_wconf 85' lang='lat' dir='ltr'><strong>videbatur</strong></span> <span class='ocrx_word' id='word_1_419' title='bbox 1659 4572 1709 4621; x_wconf 79' lang='lat' dir='ltr'><strong>pro</strong></span> <span class='ocrx_word' id='word_1_420' title='bbox 1732 4575 1766 4608; x_wconf 93' lang='lat' dir='ltr'><strong>eo</strong></span> <span class='ocrx_word' id='word_1_421' title='bbox 1797 4560 1873 4626; x_wconf 86' lang='lat' dir='ltr'><strong>qnod</strong></span> 
     </span>
     <span class='ocr_line' id='line_1_45' title="bbox 698 4595 1958 4695; baseline 0.016 -34"><span class='ocrx_word' id='word_1_422' title='bbox 698 4611 1258 4687; x_wconf 62' lang='lat' dir='ltr'><strong>significanttantumaut‚otiegi-</strong></span> <span class='ocrx_word' id='word_1_423' title='bbox 1308 4618 1336 4670; x_wconf 91' lang='lat' dir='ltr'><strong>in</strong></span> <span class='ocrx_word' id='word_1_424' title='bbox 1362 4618 1437 4687; x_wconf 79' lang='lat' dir='ltr'><strong>typis</strong></span> <span class='ocrx_word' id='word_1_425' title='bbox 1458 4621 1542 4673; x_wconf 80' lang='lat' dir='ltr'><strong>editis</strong></span> <span class='ocrx_word' id='word_1_426' title='bbox 1566 4624 1777 4689; x_wconf 76' lang='lat' dir='ltr'><strong>exemplaribus</strong></span> <span class='ocrx_word' id='word_1_427' title='bbox 1797 4627 1873 4695; x_wconf 80' lang='lat' dir='ltr'><strong>legi·</strong></span> <span class='ocrx_word' id='word_1_428' title='bbox 1951 4595 1958 4650; x_wconf 54' lang='lat'>¹</span> 
     </span>
     <span class='ocr_line' id='line_1_46' title="bbox 698 4679 1544 4757; baseline 0.013 -27"><span class='ocrx_word' id='word_1_429' title='bbox 698 4681 744 4728; x_wconf 80' lang='lat' dir='ltr'><strong>tur</strong></span> <span class='ocrx_word' id='word_1_430' title='bbox 771 4679 784 4743; x_wconf 61' lang='grc' dir='ltr'>ᾗ</span> <span class='ocrx_word' id='word_1_431' title='bbox 810 4684 867 4746; x_wconf 63' lang='lat' dir='ltr'><strong>ib,</strong></span> <span class='ocrx_word' id='word_1_432' title='bbox 891 4687 1040 4751; x_wconf 84' lang='lat' dir='ltr'><strong>passionem</strong></span> <span class='ocrx_word' id='word_1_433' title='bbox 1062 4689 1258 4757; x_wconf 69' lang='lat' dir='ltr'><strong>significant</strong></span> <span class='ocrx_word' id='word_1_434' title='bbox 1309 4691 1363 4748; x_wconf 80' lang='lat' dir='ltr'><strong>tur,</strong></span> <span class='ocrx_word' id='word_1_435' title='bbox 1381 4688 1544 4756; x_wconf 76' lang='lat' dir='ltr'><strong>designare.</strong></span> 
     </span>
     <span class='ocr_line' id='line_1_47' title="bbox 697 4745 1872 4822; baseline 0.017 -29"><span class='ocrx_word' id='word_1_436' title='bbox 697 4745 986 4805; x_wconf 74' lang='lat' dir='ltr'><strong>rabacticoecna.</strong></span> <span class='ocrx_word' id='word_1_437' title='bbox 1341 4749 1494 4819; x_wconf 74' lang='grc' dir='ltr'><strong><em>λιιποῖξομαί</em></strong></span> <span class='ocrx_word' id='word_1_438' title='bbox 1526 4754 1578 4822; x_wconf 84' lang='grc' dir='ltr'><strong><em>σοι]</em></strong></span> <span class='ocrx_word' id='word_1_439' title='bbox 1614 4756 1655 4807; x_wconf 86' lang='lat' dir='ltr'><strong>De</strong></span> <span class='ocrx_word' id='word_1_440' title='bbox 1692 4756 1748 4809; x_wconf 88' lang='lat' dir='ltr'><strong>bac</strong></span> <span class='ocrx_word' id='word_1_441' title='bbox 1783 4758 1872 4813; x_wconf 80' lang='lat' dir='ltr'><strong>buius</strong></span> 
     </span>
    </p>

    <p class='ocr_par' dir='ltr' id='par_1_10' title="bbox 594 4812 1968 5302">
     <span class='ocr_line' id='line_1_48' title="bbox 732 4812 1871 4887; baseline 0.016 -25"><span class='ocrx_word' id='word_1_442' title='bbox 732 4812 806 4864; x_wconf 83' lang='lat' dir='ltr'><strong>MAI</strong></span> <span class='ocrx_word' id='word_1_443' title='bbox 821 4817 960 4886; x_wconf 79' lang='lat' dir='ltr'><strong>recipiunt]</strong></span> <span class='ocrx_word' id='word_1_444' title='bbox 985 4821 1059 4872; x_wconf 87' lang='lat' dir='ltr'><strong>idem</strong></span> <span class='ocrx_word' id='word_1_445' title='bbox 1082 4826 1126 4873; x_wconf 82' lang='lat' dir='ltr'><strong>eet</strong></span> <span class='ocrx_word' id='word_1_446' title='bbox 1145 4838 1179 4873; x_wconf 84' lang='lat' dir='ltr'><strong>ac</strong></span> <span class='ocrx_word' id='word_1_447' title='bbox 1202 4823 1255 4887; x_wconf 74' lang='lat'><strong>§2</strong></span> <span class='ocrx_word' id='word_1_448' title='bbox 1306 4821 1386 4872; x_wconf 80' lang='lat' dir='ltr'><strong>verbi</strong></span> <span class='ocrx_word' id='word_1_449' title='bbox 1417 4823 1621 4875; x_wconf 79' lang='lat' dir='ltr'><strong>constructione</strong></span> <span class='ocrx_word' id='word_1_450' title='bbox 1655 4824 1709 4875; x_wconf 84' lang='lat' dir='ltr'><strong>vid.</strong></span> <span class='ocrx_word' id='word_1_451' title='bbox 1742 4834 1801 4878; x_wconf 85' lang='lat' dir='ltr'><strong>not.</strong></span> <span class='ocrx_word' id='word_1_452' title='bbox 1835 4829 1871 4880; x_wconf 87' lang='lat' dir='ltr'><strong>ad</strong></span> 
     </span>
     <span class='ocr_line' id='line_1_49' title="bbox 697 4884 1961 4982; baseline 0.015 -52"><span class='ocrx_word' id='word_1_453' title='bbox 697 4888 805 4961; x_wconf 77' lang='lat' dir='ltr'><strong>acceptu</strong></span> <span class='ocrx_word' id='word_1_454' title='bbox 830 4884 906 4934; x_wconf 79' lang='lat' dir='ltr'><strong>MAI</strong></span> <span class='ocrx_word' id='word_1_455' title='bbox 927 4888 1031 4952; x_wconf 72' lang='lat' dir='ltr'><strong>epitada</strong></span> <span class='ocrx_word' id='word_1_456' title='bbox 1062 4896 1201 4941; x_wconf 84' lang='lat' dir='ltr'><strong>trameant</strong></span> <span class='ocrx_word' id='word_1_457' title='bbox 1227 4891 1256 4941; x_wconf 81' lang='lat' dir='ltr'><strong>in</strong></span> <span class='ocrx_word' id='word_1_458' title='bbox 1306 4888 1407 4970; x_wconf 71' lang='lat' dir='ltr'><strong>fragm.</strong></span> <span class='ocrx_word' id='word_1_459' title='bbox 1422 4891 1464 4970; x_wconf 46' lang='lat' dir='ltr'><strong>de·</strong></span> <span class='ocrx_word' id='word_1_460' title='bbox 1474 4892 1551 4942; x_wconf 76' lang='lat' dir='ltr'><strong>verb.</strong></span> <span class='ocrx_word' id='word_1_461' title='bbox 1569 4908 1592 4941; x_wconf 86' lang='lat' dir='ltr'><strong>c.</strong></span> <span class='ocrx_word' id='word_1_462' title='bbox 1608 4896 1633 4951; x_wconf 86' lang='grc'><strong>9,</strong></span> <span class='ocrx_word' id='word_1_463' title='bbox 1644 4892 1662 4971; x_wconf 36' lang='grc' dir='ltr'><strong>,ᾗ</strong></span> <span class='ocrx_word' id='word_1_464' title='bbox 1679 4896 1705 4943; x_wconf 88' lang='grc'><strong>8.</strong></span> <span class='ocrx_word' id='word_1_465' title='bbox 1743 4894 1871 4975; x_wconf 76' lang='lat' dir='ltr'><strong>Zeunina</strong></span> <span class='ocrx_word' id='word_1_466' title='bbox 1959 4939 1961 4982; x_wconf 60' lang='grc' dir='ltr'>Ι</span> 
     </span>
     <span class='ocr_line' id='line_1_50' title="bbox 693 4960 1961 5088; baseline 0.014 -22"><span class='ocrx_word' id='word_1_467' title='bbox 693 4964 847 5069; x_wconf 40' lang='lat' dir='ltr'><strong>pergratae&amp;</strong></span> <span class='ocrx_word' id='word_1_468' title='bbox 861 5034 909 5069; x_wconf 88' lang='lat' dir='ltr'><strong>nec</strong></span> <span class='ocrx_word' id='word_1_469' title='bbox 923 5053 948 5069; x_wconf 91' lang='lat'><strong>..</strong></span> <span class='ocrx_word' id='word_1_470' title='bbox 968 5020 1022 5071; x_wconf 81' lang='lat' dir='ltr'><strong>dici</strong></span> <span class='ocrx_word' id='word_1_471' title='bbox 1034 5016 1176 5085; x_wconf 74' lang='grc' dir='ltr'><strong><em>παθητικὰ</em></strong></span> <span class='ocrx_word' id='word_1_472' title='bbox 1193 5038 1255 5088; x_wconf 85' lang='lat' dir='ltr'><strong>poe-</strong></span> <span class='ocrx_word' id='word_1_473' title='bbox 1303 4960 1961 5088; x_wconf 35' lang='lat' dir='ltr'><strong>appopoepupozxerpppffibp:13¹3:ch--</strong></span> 
     </span>
     <span class='ocr_line' id='line_1_51' title="bbox 695 5083 1870 5164; baseline 0.014 -30"><span class='ocrx_word' id='word_1_474' title='bbox 695 5083 766 5149; x_wconf 82' lang='lat' dir='ltr'><strong>runt]</strong></span> <span class='ocrx_word' id='word_1_475' title='bbox 785 5085 965 5151; x_wconf 83' lang='lat' dir='ltr'><strong>Respondent</strong></span> <span class='ocrx_word' id='word_1_476' title='bbox 979 5086 1048 5139; x_wconf 86' lang='lat' dir='ltr'><strong>baec</strong></span> <span class='ocrx_word' id='word_1_477' title='bbox 1065 5090 1256 5141; x_wconf 83' lang='lat' dir='ltr'><strong>antecedenti·</strong></span> <span class='ocrx_word' id='word_1_478' title='bbox 1304 5090 1386 5153; x_wconf 80' lang='lat' dir='ltr'><strong>„Hoc</strong></span> <span class='ocrx_word' id='word_1_479' title='bbox 1406 5093 1521 5142; x_wconf 85' lang='lat' dir='ltr'><strong>verbum</strong></span> <span class='ocrx_word' id='word_1_480' title='bbox 1543 5109 1604 5144; x_wconf 90' lang='lat' dir='ltr'><strong>carn</strong></span> <span class='ocrx_word' id='word_1_481' title='bbox 1622 5110 1735 5161; x_wconf 77' lang='lat' dir='ltr'><strong>semper</strong></span> <span class='ocrx_word' id='word_1_482' title='bbox 1753 5098 1870 5164; x_wconf 73' lang='lat' dir='ltr'><strong>passive</strong></span> 
     </span>
     <span class='ocr_line' id='line_1_52' title="bbox 695 5148 1871 5228; baseline 0.014 -27"><span class='ocrx_word' id='word_1_483' title='bbox 695 5148 763 5203; x_wconf 81' lang='lat' dir='ltr'><strong>bur:</strong></span> <span class='ocrx_word' id='word_1_484' title='bbox 790 5154 844 5206; x_wconf 82' lang='lat' dir='ltr'><strong>Sed</strong></span> <span class='ocrx_word' id='word_1_485' title='bbox 864 5171 965 5222; x_wconf 79' lang='lat' dir='ltr'><strong>neque</strong></span> <span class='ocrx_word' id='word_1_486' title='bbox 981 5158 1070 5208; x_wconf 83' lang='lat' dir='ltr'><strong>actico</strong></span> <span class='ocrx_word' id='word_1_487' title='bbox 1090 5156 1140 5208; x_wconf 73' lang='lat' dir='ltr'><strong>itta</strong></span> <span class='ocrx_word' id='word_1_488' title='bbox 1160 5157 1254 5208; x_wconf 84' lang='lat' dir='ltr'><strong>dican·</strong></span> <span class='ocrx_word' id='word_1_489' title='bbox 1303 5163 1434 5209; x_wconf 84' lang='lat' dir='ltr'><strong>occurrat</strong></span> <span class='ocrx_word' id='word_1_490' title='bbox 1452 5159 1497 5209; x_wconf 83' lang='lat' dir='ltr'><strong>vei</strong></span> <span class='ocrx_word' id='word_1_491' title='bbox 1517 5160 1551 5209; x_wconf 90' lang='lat' dir='ltr'><strong>de</strong></span> <span class='ocrx_word' id='word_1_492' title='bbox 1571 5161 1664 5226; x_wconf 87' lang='lat' dir='ltr'><strong>equite</strong></span> <span class='ocrx_word' id='word_1_493' title='bbox 1681 5162 1729 5228; x_wconf 83' lang='lat' dir='ltr'><strong>q&#39;ni</strong></span> <span class='ocrx_word' id='word_1_494' title='bbox 1751 5166 1871 5218; x_wconf 84' lang='lat' dir='ltr'><strong>rebitur</strong></span> 
     </span>
     <span class='ocr_line' id='line_1_53' title="bbox 594 5223 1968 5302; baseline 0.017 -37"><span class='ocrx_word' id='word_1_495' title='bbox 594 5275 600 5294; x_wconf 42' lang='grc' dir='ltr'>ι</span> <span class='ocrx_word' id='word_1_496' title='bbox 694 5223 754 5281; x_wconf 83' lang='lat' dir='ltr'><strong>tar,</strong></span> <span class='ocrx_word' id='word_1_497' title='bbox 787 5226 819 5274; x_wconf 90' lang='lat' dir='ltr'><strong>ut</strong></span> <span class='ocrx_word' id='word_1_498' title='bbox 843 5238 1018 5291; x_wconf 81' lang='lat' dir='ltr'><strong>supervacua</strong></span> <span class='ocrx_word' id='word_1_499' title='bbox 1048 5224 1087 5279; x_wconf 84' lang='lat' dir='ltr'><strong>ait</strong></span> <span class='ocrx_word' id='word_1_500' title='bbox 1115 5224 1254 5293; x_wconf 84' lang='lat' dir='ltr'><strong>particula</strong></span> <span class='ocrx_word' id='word_1_501' title='bbox 1303 5224 1349 5274; x_wconf 82' lang='lat' dir='ltr'><strong>vel</strong></span> <span class='ocrx_word' id='word_1_502' title='bbox 1367 5225 1402 5276; x_wconf 90' lang='lat' dir='ltr'><strong>de</strong></span> <span class='ocrx_word' id='word_1_503' title='bbox 1421 5241 1491 5291; x_wconf 89' lang='lat' dir='ltr'><strong>equa</strong></span> <span class='ocrx_word' id='word_1_504' title='bbox 1510 5226 1557 5292; x_wconf 91' lang='lat' dir='ltr'><strong>qui</strong></span> <span class='ocrx_word' id='word_1_505' title='bbox 1578 5227 1720 5295; x_wconf 80' lang='lat' dir='ltr'><strong>agitatur,</strong></span> <span class='ocrx_word' id='word_1_506' title='bbox 1756 5233 1793 5284; x_wconf 83' lang='lat' dir='ltr'><strong>ab</strong></span> <span class='ocrx_word' id='word_1_507' title='bbox 1812 5233 1870 5286; x_wconf 90' lang='lat' dir='ltr'><strong>boc</strong></span> <span class='ocrx_word' id='word_1_508' title='bbox 1966 5273 1968 5302; x_wconf 84' lang='grc'>,</span> 
     </span>
    </p>
   </div>
   <div class='ocr_carea' id='block_1_7' title="bbox 693 5285 1983 5534">
    <p class='ocr_par' dir='ltr' id='par_1_11' title="bbox 693 5285 1983 5534">
     <span class='ocr_line' id='line_1_54' title="bbox 693 5285 1983 5534; baseline 0.018 -199"><span class='ocrx_word' id='word_1_509' title='bbox 693 5285 749 5337; x_wconf 79' lang='lat' dir='ltr'><strong>aed.</strong></span> <span class='ocrx_word' id='word_1_510' title='bbox 1304 5290 1366 5346; x_wconf 89' lang='lat' dir='ltr'><strong>inco</strong></span> <span class='ocrx_word' id='word_1_511' title='bbox 1386 5291 1469 5359; x_wconf 80' lang='lat' dir='ltr'><strong>plane</strong></span> <span class='ocrx_word' id='word_1_512' title='bbox 1493 5293 1618 5360; x_wconf 81' lang='lat' dir='ltr'><strong>alienum</strong></span> <span class='ocrx_word' id='word_1_513' title='bbox 1639 5298 1796 5365; x_wconf 81' lang='lat' dir='ltr'><strong>putandum</strong></span> <span class='ocrx_word' id='word_1_514' title='bbox 1815 5308 1870 5356; x_wconf 79' lang='lat' dir='ltr'><strong>eet.</strong></span> <span class='ocrx_word' id='word_1_515' title='bbox 1966 5311 1983 5534; x_wconf 56' lang='lat' dir='ltr'><strong>p</strong></span> 
     </span>
    </p>
   </div>
   <div class='ocr_carea' id='block_1_8' title="bbox 0 0 2550 6425">
    <p class='ocr_par' dir='ltr' id='par_1_12' title="bbox 0 0 2550 6425">
     <span class='ocr_line' id='line_1_55' title="bbox 0 0 2550 6425; baseline 0 0"><span class='ocrx_word' id='word_1_516' title='bbox 0 0 2550 6425; x_wconf 95' lang='lat' dir='ltr'><strong> </strong></span> 
     </span>
    </p>
   </div>
  </div>
 </body>
</html>
