<?xml version="1.0" encoding="UTF-8"?>
<!DOCTYPE html PUBLIC "-//W3C//DTD XHTML 1.0 Transitional//EN"
    "http://www.w3.org/TR/xhtml1/DTD/xhtml1-transitional.dtd">
<html xmlns="http://www.w3.org/1999/xhtml" xml:lang="en" lang="en">
 <head>
  <title>
</title>
<meta http-equiv="Content-Type" content="text/html;charset=utf-8" />
  <meta name='ocr-system' content='tesseract 3.04.00' />
  <meta name='ocr-capabilities' content='ocr_page ocr_carea ocr_par ocr_line ocrx_word'/>
</head>
<body>
  <div class='ocr_page' id='page_1' title='image "./operaquaesupers00macrgoog/operaquaesupers00macrgoog_0342.png"; bbox 0 0 5092 6425; ppageno 0'>
   <div class='ocr_carea' id='block_1_1' title="bbox 741 891 1823 966">
    <p class='ocr_par' dir='ltr' id='par_1_1' title="bbox 741 891 1823 966">
     <span class='ocr_line' id='line_1_1' title="bbox 741 891 1823 966; baseline 0.001 -1"><span class='ocrx_word' id='word_1_1' title='bbox 741 894 878 965; x_wconf 78' lang='lat' dir='ltr'>uoltu.</span> <span class='ocrx_word' id='word_1_2' title='bbox 899 894 944 964; x_wconf 88' lang='lat' dir='ltr'>IN</span> <span class='ocrx_word' id='word_1_3' title='bbox 965 892 1092 960; x_wconf 86' lang='lat' dir='ltr'><strong>SOMN.</strong></span> <span class='ocrx_word' id='word_1_4' title='bbox 1114 891 1211 960; x_wconf 64' lang='lat' dir='ltr'>son).</span> <span class='ocrx_word' id='word_1_5' title='bbox 1254 892 1330 958; x_wconf 86' lang='lat' dir='ltr'>LlB.</span> <span class='ocrx_word' id='word_1_6' title='bbox 1351 893 1389 957; x_wconf 91' lang='lat' dir='ltr'>ll.</span> <span class='ocrx_word' id='word_1_7' title='bbox 1433 893 1522 960; x_wconf 79' lang='lat' dir='ltr'>CAP.</span> <span class='ocrx_word' id='word_1_8' title='bbox 1544 896 1612 963; x_wconf 84' lang='lat' dir='ltr'>XV.</span> <span class='ocrx_word' id='word_1_9' title='bbox 1634 895 1717 962; x_wconf 80' lang='lat' dir='ltr'>XVL</span> <span class='ocrx_word' id='word_1_10' title='bbox 1759 899 1823 966; x_wconf 77' lang='lat'>205</span> 
     </span>
    </p>
   </div>
   <div class='ocr_carea' id='block_1_2' title="bbox 651 1061 1874 3119">
    <p class='ocr_par' dir='ltr' id='par_1_2' title="bbox 651 1061 1874 3119">
     <span class='ocr_line' id='line_1_2' title="bbox 656 1061 1823 1156; baseline 0.003 -22"><span class='ocrx_word' id='word_1_11' title='bbox 656 1089 760 1135; x_wconf 89' lang='lat' dir='ltr'>amaro</span> <span class='ocrx_word' id='word_1_12' title='bbox 785 1068 874 1132; x_wconf 91' lang='lat' dir='ltr'>initio</span> <span class='ocrx_word' id='word_1_13' title='bbox 899 1064 988 1132; x_wconf 84' lang='lat' dir='ltr'>dulce</span> <span class='ocrx_word' id='word_1_14' title='bbox 1012 1063 1200 1149; x_wconf 82' lang='lat' dir='ltr'>procederet.</span> <span class='ocrx_word' id='word_1_15' title='bbox 1242 1061 1304 1128; x_wconf 89' lang='lat' dir='ltr'>Sed</span> <span class='ocrx_word' id='word_1_16' title='bbox 1326 1084 1389 1128; x_wconf 93' lang='lat' dir='ltr'>non</span> <span class='ocrx_word' id='word_1_17' title='bbox 1412 1064 1455 1130; x_wconf 91' lang='lat' dir='ltr'>ita</span> <span class='ocrx_word' id='word_1_18' title='bbox 1474 1073 1535 1143; x_wconf 87' lang='lat' dir='ltr'>cst,</span> <span class='ocrx_word' id='word_1_19' title='bbox 1569 1068 1642 1153; x_wconf 91' lang='lat' dir='ltr'>quia</span> <span class='ocrx_word' id='word_1_20' title='bbox 1665 1073 1823 1156; x_wconf 87' lang='lat' dir='ltr'>usquead</span> 
     </span>
     <span class='ocr_line' id='line_1_3' title="bbox 656 1148 1823 1241; baseline 0.002 -21"><span class='ocrx_word' id='word_1_21' title='bbox 656 1154 903 1220; x_wconf 81' lang='lat' dir='ltr'>contrarietatem</span> <span class='ocrx_word' id='word_1_22' title='bbox 931 1150 1018 1216; x_wconf 90' lang='lat' dir='ltr'>initia</span> <span class='ocrx_word' id='word_1_23' title='bbox 1049 1157 1080 1214; x_wconf 86' lang='lat' dir='ltr'>et</span> <span class='ocrx_word' id='word_1_24' title='bbox 1106 1148 1266 1234; x_wconf 89' lang='lat' dir='ltr'>sequentia</span> <span class='ocrx_word' id='word_1_25' title='bbox 1298 1148 1445 1215; x_wconf 83' lang='lat' dir='ltr'>dissidere</span> <span class='ocrx_word' id='word_1_26' title='bbox 1474 1159 1583 1217; x_wconf 86' lang='lat' dir='ltr'>natura</span> <span class='ocrx_word' id='word_1_27' title='bbox 1609 1175 1672 1218; x_wconf 95' lang='lat' dir='ltr'>non</span> <span class='ocrx_word' id='word_1_28' title='bbox 1698 1157 1823 1241; x_wconf 86' lang='lat' dir='ltr'>patitur,</span> 
     </span>
     <span class='ocr_line' id='line_1_4' title="bbox 656 1235 1823 1326; baseline 0.002 -21"><span class='ocrx_word' id='word_1_29' title='bbox 656 1241 812 1306; x_wconf 83' lang='lat' dir='ltr'>invenitur</span> <span class='ocrx_word' id='word_1_30' title='bbox 836 1247 941 1304; x_wconf 90' lang='lat' dir='ltr'>tamen</span> <span class='ocrx_word' id='word_1_31' title='bbox 960 1236 1042 1300; x_wconf 86' lang='lat' dir='ltr'>inter</span> <span class='ocrx_word' id='word_1_32' title='bbox 1062 1235 1129 1320; x_wconf 86' lang='lat' dir='ltr'>ipsa</span> <span class='ocrx_word' id='word_1_33' title='bbox 1150 1255 1384 1320; x_wconf 85' lang='lat' dir='ltr'><strong>nonnumquam</strong></span> <span class='ocrx_word' id='word_1_34' title='bbox 1405 1236 1475 1300; x_wconf 86' lang='lat' dir='ltr'>talis</span> <span class='ocrx_word' id='word_1_35' title='bbox 1498 1237 1685 1317; x_wconf 84' lang='lat' dir='ltr'>differentia,</span> <span class='ocrx_word' id='word_1_36' title='bbox 1724 1243 1823 1326; x_wconf 89' lang='lat' dir='ltr'>qualis</span> 
     </span>
     <span class='ocr_line' id='line_1_5' title="bbox 656 1320 1825 1411; baseline 0.002 -21"><span class='ocrx_word' id='word_1_37' title='bbox 656 1327 738 1390; x_wconf 88' lang='lat' dir='ltr'>inter</span> <span class='ocrx_word' id='word_1_38' title='bbox 756 1346 788 1390; x_wconf 93' lang='lat' dir='ltr'>se</span> <span class='ocrx_word' id='word_1_39' title='bbox 810 1323 920 1409; x_wconf 81' lang='lat' dir='ltr'>origini</span> <span class='ocrx_word' id='word_1_40' title='bbox 943 1320 1212 1408; x_wconf 80' lang='lat' dir='ltr'>progressionique</span> <span class='ocrx_word' id='word_1_41' title='bbox 1233 1321 1410 1386; x_wconf 89' lang='lat' dir='ltr'>conveniat:</span> <span class='ocrx_word' id='word_1_42' title='bbox 1431 1329 1468 1387; x_wconf 92' lang='lat' dir='ltr'>nt</span> <span class='ocrx_word' id='word_1_43' title='bbox 1489 1330 1536 1388; x_wconf 92' lang='lat' dir='ltr'>cst</span> <span class='ocrx_word' id='word_1_44' title='bbox 1557 1323 1608 1389; x_wconf 91' lang='lat' dir='ltr'>hic</span> <span class='ocrx_word' id='word_1_45' title='bbox 1631 1346 1756 1411; x_wconf 89' lang='lat' dir='ltr'>quoque</span> <span class='ocrx_word' id='word_1_46' title='bbox 1778 1328 1825 1392; x_wconf 93' lang='lat' dir='ltr'>in·</span> 
     </span>
     <span class='ocr_line' id='line_1_6' title="bbox 656 1406 1853 1504; baseline 0.005 -28"><span class='ocrx_word' id='word_1_47' title='bbox 656 1420 704 1477; x_wconf 91' lang='lat' dir='ltr'>ter</span> <span class='ocrx_word' id='word_1_48' title='bbox 724 1417 841 1474; x_wconf 92' lang='lat' dir='ltr'>motum</span> <span class='ocrx_word' id='word_1_49' title='bbox 866 1429 928 1494; x_wconf 91' lang='lat' dir='ltr'>quo</span> <span class='ocrx_word' id='word_1_50' title='bbox 949 1414 1091 1472; x_wconf 89' lang='lat' dir='ltr'>movetur</span> <span class='ocrx_word' id='word_1_51' title='bbox 1111 1406 1213 1470; x_wconf 89' lang='lat' dir='ltr'>anima</span> <span class='ocrx_word' id='word_1_52' title='bbox 1234 1413 1266 1470; x_wconf 88' lang='lat' dir='ltr'>et</span> <span class='ocrx_word' id='word_1_53' title='bbox 1289 1416 1473 1504; x_wconf 82' lang='lat' dir='ltr'>quomovet</span> <span class='ocrx_word' id='word_1_54' title='bbox 1494 1414 1605 1474; x_wconf 90' lang='lat' dir='ltr'>cetera.</span> <span class='ocrx_word' id='word_1_55' title='bbox 1648 1412 1719 1479; x_wconf 89' lang='lat' dir='ltr'>Non</span> <span class='ocrx_word' id='word_1_56' title='bbox 1740 1413 1853 1482; x_wconf 70' lang='lat' dir='ltr'>enimi</span> 
     </span>
     <span class='ocr_line' id='line_1_7' title="bbox 656 1489 1824 1578; baseline 0.003 -17"><span class='ocrx_word' id='word_1_57' title='bbox 656 1497 789 1561; x_wconf 91' lang='lat' dir='ltr'>animam</span> <span class='ocrx_word' id='word_1_58' title='bbox 812 1496 901 1559; x_wconf 87' lang='lat' dir='ltr'>Plato</span> <span class='ocrx_word' id='word_1_59' title='bbox 929 1492 1108 1578; x_wconf 87' lang='lat' dir='ltr'>simpliciter</span> <span class='ocrx_word' id='word_1_60' title='bbox 1133 1503 1244 1557; x_wconf 86' lang='lat' dir='ltr'>motam</span> <span class='ocrx_word' id='word_1_61' title='bbox 1271 1489 1366 1568; x_wconf 81' lang='lat' dir='ltr'>dixit,</span> <span class='ocrx_word' id='word_1_62' title='bbox 1400 1492 1451 1557; x_wconf 93' lang='lat' dir='ltr'>sed</span> <span class='ocrx_word' id='word_1_63' title='bbox 1474 1507 1585 1560; x_wconf 87' lang='lat' dir='ltr'>motam</span> <span class='ocrx_word' id='word_1_64' title='bbox 1606 1510 1824 1564; x_wconf 74' lang='lat' dir='ltr'>removentem</span> 
     </span>
     <span class='ocr_line' id='line_1_8' title="bbox 655 1584 1824 1664; baseline 0.003 -18"><span class='ocrx_word' id='word_1_65' title='bbox 655 1585 740 1646; x_wconf 87' lang='lat' dir='ltr'>Inter</span> <span class='ocrx_word' id='word_1_66' title='bbox 768 1588 886 1644; x_wconf 91' lang='lat' dir='ltr'>motum</span> <span class='ocrx_word' id='word_1_67' title='bbox 916 1599 989 1664; x_wconf 81' lang='lat' dir='ltr'>ergo</span> <span class='ocrx_word' id='word_1_68' title='bbox 1023 1599 1055 1642; x_wconf 92' lang='lat' dir='ltr'>se</span> <span class='ocrx_word' id='word_1_69' title='bbox 1084 1585 1260 1643; x_wconf 83' lang='lat' dir='ltr'>moventem</span> <span class='ocrx_word' id='word_1_70' title='bbox 1290 1584 1322 1641; x_wconf 89' lang='lat' dir='ltr'>et</span> <span class='ocrx_word' id='word_1_71' title='bbox 1349 1585 1467 1642; x_wconf 92' lang='lat' dir='ltr'>motum</span> <span class='ocrx_word' id='word_1_72' title='bbox 1502 1591 1694 1664; x_wconf 81' lang='lat' dir='ltr'>quomovet</span> <span class='ocrx_word' id='word_1_73' title='bbox 1722 1591 1824 1649; x_wconf 83' lang='lat' dir='ltr'>cetera</span> 
     </span>
     <span class='ocr_line' id='line_1_9' title="bbox 655 1652 1824 1753; baseline 0.002 -21"><span class='ocrx_word' id='word_1_74' title='bbox 655 1667 730 1753; x_wconf 87' lang='lat' dir='ltr'>quid</span> <span class='ocrx_word' id='word_1_75' title='bbox 754 1666 890 1742; x_wconf 83' lang='lat' dir='ltr'>intersit,</span> <span class='ocrx_word' id='word_1_76' title='bbox 919 1664 952 1728; x_wconf 92' lang='lat' dir='ltr'>in</span> <span class='ocrx_word' id='word_1_77' title='bbox 976 1671 1083 1748; x_wconf 89' lang='lat' dir='ltr'>aperto</span> <span class='ocrx_word' id='word_1_78' title='bbox 1103 1670 1164 1728; x_wconf 89' lang='lat' dir='ltr'>est:</span> <span class='ocrx_word' id='word_1_79' title='bbox 1203 1661 1355 1747; x_wconf 88' lang='lat' dir='ltr'>siquidem</span> <span class='ocrx_word' id='word_1_80' title='bbox 1376 1663 1427 1728; x_wconf 91' lang='lat' dir='ltr'>ille</span> <span class='ocrx_word' id='word_1_81' title='bbox 1449 1665 1514 1728; x_wconf 89' lang='lat' dir='ltr'>sine</span> <span class='ocrx_word' id='word_1_82' title='bbox 1537 1674 1662 1732; x_wconf 91' lang='lat' dir='ltr'>auctore</span> <span class='ocrx_word' id='word_1_83' title='bbox 1684 1677 1745 1746; x_wconf 99' lang='grc' dir='ltr'><strong>θεῖ,</strong></span> <span class='ocrx_word' id='word_1_84' title='bbox 1773 1652 1824 1734; x_wconf 85' lang='lat' dir='ltr'>lric</span> 
     </span>
     <span class='ocr_line' id='line_1_10' title="bbox 655 1747 1824 1838; baseline 0.003 -21"><span class='ocrx_word' id='word_1_85' title='bbox 655 1753 723 1817; x_wconf 91' lang='lat' dir='ltr'>aliis</span> <span class='ocrx_word' id='word_1_86' title='bbox 751 1760 854 1816; x_wconf 91' lang='lat' dir='ltr'>motus</span> <span class='ocrx_word' id='word_1_87' title='bbox 879 1756 987 1814; x_wconf 85' lang='lat' dir='ltr'>auctor</span> <span class='ocrx_word' id='word_1_88' title='bbox 1013 1756 1068 1813; x_wconf 84' lang='lat' dir='ltr'>est.</span> <span class='ocrx_word' id='word_1_89' title='bbox 1111 1747 1258 1814; x_wconf 85' lang='lat' dir='ltr'>Constitit</span> <span class='ocrx_word' id='word_1_90' title='bbox 1285 1768 1358 1833; x_wconf 81' lang='lat' dir='ltr'>ergo</span> <span class='ocrx_word' id='word_1_91' title='bbox 1385 1770 1487 1835; x_wconf 87' lang='lat' dir='ltr'>neque</span> <span class='ocrx_word' id='word_1_92' title='bbox 1515 1751 1591 1815; x_wconf 89' lang='lat' dir='ltr'>adeo</span> <span class='ocrx_word' id='word_1_93' title='bbox 1618 1774 1708 1838; x_wconf 87' lang='lat' dir='ltr'>posse</span> <span class='ocrx_word' id='word_1_94' title='bbox 1736 1755 1824 1820; x_wconf 88' lang='lat' dir='ltr'>initia</span> 
     </span>
     <span class='ocr_line' id='line_1_11' title="bbox 655 1831 1824 1920; baseline 0.003 -18"><span class='ocrx_word' id='word_1_95' title='bbox 655 1837 691 1902; x_wconf 88' lang='lat' dir='ltr'>ac</span> <span class='ocrx_word' id='word_1_96' title='bbox 711 1838 749 1902; x_wconf 92' lang='lat' dir='ltr'>de</span> <span class='ocrx_word' id='word_1_97' title='bbox 771 1835 867 1900; x_wconf 90' lang='lat' dir='ltr'>initiis</span> <span class='ocrx_word' id='word_1_98' title='bbox 887 1841 1045 1920; x_wconf 87' lang='lat' dir='ltr'>procreata</span> <span class='ocrx_word' id='word_1_99' title='bbox 1063 1831 1200 1909; x_wconf 85' lang='lat' dir='ltr'>differre,</span> <span class='ocrx_word' id='word_1_100' title='bbox 1231 1840 1267 1899; x_wconf 94' lang='lat' dir='ltr'>ut</span> <span class='ocrx_word' id='word_1_101' title='bbox 1285 1834 1435 1898; x_wconf 85' lang='lat' dir='ltr'>contraria</span> <span class='ocrx_word' id='word_1_102' title='bbox 1457 1835 1516 1902; x_wconf 88' lang='lat' dir='ltr'>sibi</span> <span class='ocrx_word' id='word_1_103' title='bbox 1536 1835 1612 1913; x_wconf 87' lang='lat' dir='ltr'>sint,</span> <span class='ocrx_word' id='word_1_104' title='bbox 1642 1859 1699 1903; x_wconf 88' lang='lat' dir='ltr'>noe</span> <span class='ocrx_word' id='word_1_105' title='bbox 1720 1847 1824 1905; x_wconf 88' lang='lat' dir='ltr'>tamen</span> 
     </span>
     <span class='ocr_line' id='line_1_12' title="bbox 657 1918 1823 2010; baseline 0.003 -23"><span class='ocrx_word' id='word_1_106' title='bbox 657 1923 707 1987; x_wconf 90' lang='lat' dir='ltr'>hic</span> <span class='ocrx_word' id='word_1_107' title='bbox 728 1921 916 1986; x_wconf 86' lang='lat' dir='ltr'>moderatam</span> <span class='ocrx_word' id='word_1_108' title='bbox 937 1919 1141 1984; x_wconf 85' lang='lat' dir='ltr'>differentiam</span> <span class='ocrx_word' id='word_1_109' title='bbox 1161 1918 1309 1984; x_wconf 80' lang='lat' dir='ltr'>defuisse:</span> <span class='ocrx_word' id='word_1_110' title='bbox 1329 1941 1392 1984; x_wconf 92' lang='lat' dir='ltr'>non</span> <span class='ocrx_word' id='word_1_111' title='bbox 1414 1920 1508 2005; x_wconf 80' lang='lat' dir='ltr'>igitur</span> <span class='ocrx_word' id='word_1_112' title='bbox 1527 1921 1620 1987; x_wconf 88' lang='lat' dir='ltr'>stabit</span> <span class='ocrx_word' id='word_1_113' title='bbox 1639 1923 1823 2010; x_wconf 86' lang='lat' dir='ltr'>principium</span> 
     </span>
     <span class='ocr_line' id='line_1_13' title="bbox 655 2003 1852 2098; baseline 0.005 -26"><span class='ocrx_word' id='word_1_114' title='bbox 655 2014 774 2085; x_wconf 89' lang='lat' dir='ltr'>motus,</span> <span class='ocrx_word' id='word_1_115' title='bbox 796 2005 879 2092; x_wconf 92' lang='lat' dir='ltr'>quod</span> <span class='ocrx_word' id='word_1_116' title='bbox 901 2004 952 2070; x_wconf 92' lang='lat' dir='ltr'>ille</span> <span class='ocrx_word' id='word_1_117' title='bbox 971 2004 1080 2069; x_wconf 83' lang='lat' dir='ltr'>artifici</span> <span class='ocrx_word' id='word_1_118' title='bbox 1104 2003 1300 2070; x_wconf 88' lang='lat' dir='ltr'>conclusione</span> <span class='ocrx_word' id='word_1_119' title='bbox 1321 2005 1452 2091; x_wconf 79' lang='lat' dir='ltr'>collegit</span> <span class='ocrx_word' id='word_1_120' title='bbox 1493 2007 1550 2072; x_wconf 89' lang='lat' dir='ltr'>His</span> <span class='ocrx_word' id='word_1_121' title='bbox 1570 2008 1675 2086; x_wconf 82' lang='lat' dir='ltr'>tertia,</span> <span class='ocrx_word' id='word_1_122' title='bbox 1702 2017 1739 2075; x_wconf 93' lang='lat' dir='ltr'>ut</span> <span class='ocrx_word' id='word_1_123' title='bbox 1760 2013 1852 2098; x_wconf 73' lang='lat' dir='ltr'>rna-5</span> 
     </span>
     <span class='ocr_line' id='line_1_14' title="bbox 656 2090 1825 2170; baseline 0.003 -13"><span class='ocrx_word' id='word_1_124' title='bbox 656 2093 818 2170; x_wconf 90' lang='lat' dir='ltr'>minimus,</span> <span class='ocrx_word' id='word_1_125' title='bbox 840 2091 986 2157; x_wconf 91' lang='lat' dir='ltr'>suecessit</span> <span class='ocrx_word' id='word_1_126' title='bbox 1005 2090 1151 2156; x_wconf 90' lang='lat' dir='ltr'>obiectio:</span> <span class='ocrx_word' id='word_1_127' title='bbox 1182 2091 1241 2156; x_wconf 87' lang='lat' dir='ltr'>ani</span> <span class='ocrx_word' id='word_1_128' title='bbox 1259 2091 1308 2168; x_wconf 74' lang='lat' dir='ltr'>rei</span> <span class='ocrx_word' id='word_1_129' title='bbox 1326 2092 1482 2156; x_wconf 79' lang='lat' dir='ltr'>oonaaric</span> <span class='ocrx_word' id='word_1_130' title='bbox 1499 2093 1591 2156; x_wconf 78' lang='lat' dir='ltr'>cimai</span> <span class='ocrx_word' id='word_1_131' title='bbox 1609 2094 1743 2160; x_wconf 84' lang='lat' dir='ltr'>occidere</span> <span class='ocrx_word' id='word_1_132' title='bbox 1761 2117 1825 2161; x_wconf 85' lang='lat' dir='ltr'>non</span> 
     </span>
     <span class='ocr_line' id='line_1_15' title="bbox 651 2176 1824 2267; baseline 0.002 -23"><span class='ocrx_word' id='word_1_133' title='bbox 651 2200 758 2267; x_wconf 82' lang='lat' dir='ltr'>posse:</span> <span class='ocrx_word' id='word_1_134' title='bbox 799 2188 826 2242; x_wconf 86' lang='lat' dir='ltr'>et</span> <span class='ocrx_word' id='word_1_135' title='bbox 852 2177 924 2264; x_wconf 84' lang='lat' dir='ltr'>qaia</span> <span class='ocrx_word' id='word_1_136' title='bbox 952 2177 1106 2242; x_wconf 85' lang='lat' dir='ltr'>contrario</span> <span class='ocrx_word' id='word_1_137' title='bbox 1130 2176 1192 2240; x_wconf 80' lang='lat' dir='ltr'>sr&#39;ti</span> <span class='ocrx_word' id='word_1_138' title='bbox 1214 2187 1286 2240; x_wconf 81' lang='lat' dir='ltr'>sant</span> <span class='ocrx_word' id='word_1_139' title='bbox 1308 2197 1425 2242; x_wconf 77' lang='lat' dir='ltr'>monere</span> <span class='ocrx_word' id='word_1_140' title='bbox 1446 2188 1474 2241; x_wconf 91' lang='lat' dir='ltr'>et</span> <span class='ocrx_word' id='word_1_141' title='bbox 1491 2179 1619 2254; x_wconf 84' lang='lat' dir='ltr'>moneri,</span> <span class='ocrx_word' id='word_1_142' title='bbox 1658 2200 1721 2244; x_wconf 88' lang='lat' dir='ltr'>nan</span> <span class='ocrx_word' id='word_1_143' title='bbox 1738 2202 1824 2266; x_wconf 82' lang='lat' dir='ltr'>posse</span> 
     </span>
     <span class='ocr_line' id='line_1_16' title="bbox 657 2260 1824 2338; baseline 0.001 -8"><span class='ocrx_word' id='word_1_144' title='bbox 657 2267 790 2330; x_wconf 81' lang='lat' dir='ltr'>antinum</span> <span class='ocrx_word' id='word_1_145' title='bbox 809 2286 839 2328; x_wconf 89' lang='grc' dir='ltr'>εθ</span> <span class='ocrx_word' id='word_1_146' title='bbox 860 2284 985 2338; x_wconf 83' lang='lat' dir='ltr'>monere,</span> <span class='ocrx_word' id='word_1_147' title='bbox 1006 2284 1044 2326; x_wconf 89' lang='lat' dir='ltr'>ne</span> <span class='ocrx_word' id='word_1_148' title='bbox 1064 2261 1164 2326; x_wconf 86' lang='lat' dir='ltr'>eadem</span> <span class='ocrx_word' id='word_1_149' title='bbox 1185 2272 1212 2325; x_wconf 88' lang='lat' dir='ltr'>et</span> <span class='ocrx_word' id='word_1_150' title='bbox 1226 2272 1381 2327; x_wconf 80' lang='lat' dir='ltr'>moveatur</span> <span class='ocrx_word' id='word_1_151' title='bbox 1402 2272 1429 2327; x_wconf 88' lang='lat' dir='ltr'>et</span> <span class='ocrx_word' id='word_1_152' title='bbox 1446 2273 1567 2328; x_wconf 83' lang='lat' dir='ltr'>moneat.</span> <span class='ocrx_word' id='word_1_153' title='bbox 1610 2260 1671 2328; x_wconf 88' lang='lat' dir='ltr'>Sed</span> <span class='ocrx_word' id='word_1_154' title='bbox 1692 2263 1751 2329; x_wconf 92' lang='lat' dir='ltr'>hoc</span> <span class='ocrx_word' id='word_1_155' title='bbox 1773 2287 1824 2331; x_wconf 90' lang='lat' dir='ltr'>su·</span> 
     </span>
     <span class='ocr_line' id='line_1_17' title="bbox 657 2345 1823 2437; baseline 0.001 -22"><span class='ocrx_word' id='word_1_156' title='bbox 657 2350 761 2437; x_wconf 83' lang='lat' dir='ltr'>parius</span> <span class='ocrx_word' id='word_1_157' title='bbox 783 2349 904 2414; x_wconf 87' lang='lat' dir='ltr'>adserta</span> <span class='ocrx_word' id='word_1_158' title='bbox 925 2347 1105 2425; x_wconf 88' lang='lat' dir='ltr'>dissolvunt,</span> <span class='ocrx_word' id='word_1_159' title='bbox 1125 2345 1278 2430; x_wconf 88' lang='lat' dir='ltr'>siquidem</span> <span class='ocrx_word' id='word_1_160' title='bbox 1300 2346 1438 2412; x_wconf 92' lang='lat' dir='ltr'>constitit</span> <span class='ocrx_word' id='word_1_161' title='bbox 1456 2347 1489 2410; x_wconf 92' lang='lat' dir='ltr'>in</span> <span class='ocrx_word' id='word_1_162' title='bbox 1510 2347 1631 2413; x_wconf 88' lang='lat' dir='ltr'>animae</span> <span class='ocrx_word' id='word_1_163' title='bbox 1652 2357 1740 2414; x_wconf 91' lang='lat' dir='ltr'>motu</span> <span class='ocrx_word' id='word_1_164' title='bbox 1761 2350 1823 2416; x_wconf 92' lang='lat' dir='ltr'>duo</span> 
     </span>
     <span class='ocr_line' id='line_1_18' title="bbox 657 2431 1825 2519; baseline 0.001 -19"><span class='ocrx_word' id='word_1_165' title='bbox 657 2458 721 2501; x_wconf 92' lang='lat' dir='ltr'>non</span> <span class='ocrx_word' id='word_1_166' title='bbox 743 2433 961 2519; x_wconf 85' lang='lat' dir='ltr'>intellegenda,</span> <span class='ocrx_word' id='word_1_167' title='bbox 983 2432 1067 2518; x_wconf 86' lang='lat' dir='ltr'>quod</span> <span class='ocrx_word' id='word_1_168' title='bbox 1092 2438 1214 2497; x_wconf 86' lang='lat' dir='ltr'>moveat</span> <span class='ocrx_word' id='word_1_169' title='bbox 1233 2439 1264 2496; x_wconf 91' lang='lat' dir='ltr'>et</span> <span class='ocrx_word' id='word_1_170' title='bbox 1308 2431 1370 2496; x_wconf 92' lang='lat' dir='ltr'>uod</span> <span class='ocrx_word' id='word_1_171' title='bbox 1392 2440 1567 2509; x_wconf 85' lang='lat' dir='ltr'>moveatur,</span> <span class='ocrx_word' id='word_1_172' title='bbox 1587 2433 1659 2518; x_wconf 89' lang='lat' dir='ltr'>quia</span> <span class='ocrx_word' id='word_1_173' title='bbox 1679 2434 1755 2500; x_wconf 91' lang='lat' dir='ltr'>nihil</span> <span class='ocrx_word' id='word_1_174' title='bbox 1777 2446 1825 2502; x_wconf 88' lang='lat' dir='ltr'>est</span> 
     </span>
     <span class='ocr_line' id='line_1_19' title="bbox 657 2452 1874 2606; baseline 0.002 -19"><span class='ocrx_word' id='word_1_175' title='bbox 657 2522 740 2588; x_wconf 89' lang='lat' dir='ltr'>aliud</span> <span class='ocrx_word' id='word_1_176' title='bbox 767 2521 805 2586; x_wconf 91' lang='lat' dir='ltr'>ab</span> <span class='ocrx_word' id='word_1_177' title='bbox 827 2541 860 2585; x_wconf 92' lang='lat' dir='ltr'>se</span> <span class='ocrx_word' id='word_1_178' title='bbox 885 2519 1003 2585; x_wconf 87' lang='lat' dir='ltr'>moveri</span> <span class='ocrx_word' id='word_1_179' title='bbox 1027 2539 1119 2604; x_wconf 90' lang='lat' dir='ltr'>quam</span> <span class='ocrx_word' id='word_1_180' title='bbox 1141 2516 1258 2582; x_wconf 87' lang='lat' dir='ltr'>moveri</span> <span class='ocrx_word' id='word_1_181' title='bbox 1280 2452 1341 2583; x_wconf 80' lang='lat' dir='ltr'>allio</span> <span class='ocrx_word' id='word_1_182' title='bbox 1363 2539 1426 2583; x_wconf 90' lang='lat' dir='ltr'>non</span> <span class='ocrx_word' id='word_1_183' title='bbox 1448 2525 1600 2584; x_wconf 81' lang='lat' dir='ltr'>movente.</span> <span class='ocrx_word' id='word_1_184' title='bbox 1642 2519 1734 2587; x_wconf 89' lang='lat' dir='ltr'>Nulla</span> <span class='ocrx_word' id='word_1_185' title='bbox 1756 2531 1874 2606; x_wconf 75' lang='grc' dir='ltr'><strong>θεῖμθθ]</strong></span> 
     </span>
     <span class='ocr_line' id='line_1_20' title="bbox 657 2602 1824 2689; baseline -0.001 -16"><span class='ocrx_word' id='word_1_186' title='bbox 657 2605 872 2681; x_wconf 87' lang='lat' dir='ltr'>contrarietas,</span> <span class='ocrx_word' id='word_1_187' title='bbox 911 2604 965 2670; x_wconf 90' lang='lat' dir='ltr'>nbi</span> <span class='ocrx_word' id='word_1_188' title='bbox 986 2603 1069 2688; x_wconf 92' lang='lat' dir='ltr'>quod</span> <span class='ocrx_word' id='word_1_189' title='bbox 1089 2603 1124 2670; x_wconf 85' lang='lat' dir='ltr'>fit</span> <span class='ocrx_word' id='word_1_190' title='bbox 1143 2622 1241 2668; x_wconf 90' lang='lat' dir='ltr'>unum</span> <span class='ocrx_word' id='word_1_191' title='bbox 1267 2609 1331 2681; x_wconf 92' lang='lat' dir='ltr'>est,</span> <span class='ocrx_word' id='word_1_192' title='bbox 1369 2602 1442 2689; x_wconf 86' lang='lat' dir='ltr'>quia</span> <span class='ocrx_word' id='word_1_193' title='bbox 1463 2603 1497 2668; x_wconf 88' lang='lat' dir='ltr'>lit</span> <span class='ocrx_word' id='word_1_194' title='bbox 1518 2624 1580 2668; x_wconf 91' lang='lat' dir='ltr'>non</span> <span class='ocrx_word' id='word_1_195' title='bbox 1604 2603 1642 2668; x_wconf 89' lang='lat' dir='ltr'>ab</span> <span class='ocrx_word' id='word_1_196' title='bbox 1664 2605 1725 2671; x_wconf 92' lang='lat' dir='ltr'>alio</span> <span class='ocrx_word' id='word_1_197' title='bbox 1744 2606 1824 2672; x_wconf 92' lang='lat' dir='ltr'>circa</span> 
     </span>
     <span class='ocr_line' id='line_1_21' title="bbox 657 2687 1853 2777; baseline -0.004 -18"><span class='ocrx_word' id='word_1_198' title='bbox 657 2694 766 2768; x_wconf 85' lang='lat' dir='ltr'>aliurn,</span> <span class='ocrx_word' id='word_1_199' title='bbox 799 2691 913 2777; x_wconf 85' lang='lat' dir='ltr'>quippe</span> <span class='ocrx_word' id='word_1_200' title='bbox 935 2710 1004 2753; x_wconf 92' lang='lat' dir='ltr'>cum</span> <span class='ocrx_word' id='word_1_201' title='bbox 1026 2690 1091 2777; x_wconf 89' lang='lat' dir='ltr'>ipse</span> <span class='ocrx_word' id='word_1_202' title='bbox 1118 2695 1220 2753; x_wconf 88' lang='lat' dir='ltr'>motus</span> <span class='ocrx_word' id='word_1_203' title='bbox 1241 2687 1362 2753; x_wconf 88' lang='lat' dir='ltr'>animae</span> <span class='ocrx_word' id='word_1_204' title='bbox 1383 2689 1424 2755; x_wconf 89' lang='lat' dir='ltr'>sit</span> <span class='ocrx_word' id='word_1_205' title='bbox 1449 2689 1590 2754; x_wconf 89' lang='lat' dir='ltr'>essentia.</span> <span class='ocrx_word' id='word_1_206' title='bbox 1632 2691 1681 2754; x_wconf 85' lang='lat' dir='ltr'>Ex</span> <span class='ocrx_word' id='word_1_207' title='bbox 1705 2689 1764 2756; x_wconf 93' lang='lat' dir='ltr'>hoc</span> <span class='ocrx_word' id='word_1_208' title='bbox 1784 2687 1853 2769; x_wconf 85' lang='grc' dir='ltr'>θὶ,6</span> 
     </span>
     <span class='ocr_line' id='line_1_22' title="bbox 657 2773 1824 2864; baseline -0.002 -19"><span class='ocrx_word' id='word_1_209' title='bbox 657 2788 805 2864; x_wconf 85' lang='lat' dir='ltr'>utsupra</span> <span class='ocrx_word' id='word_1_210' title='bbox 829 2775 1005 2851; x_wconf 89' lang='lat' dir='ltr'>retulimus,</span> <span class='ocrx_word' id='word_1_211' title='bbox 1040 2782 1111 2840; x_wconf 90' lang='lat' dir='ltr'>nata</span> <span class='ocrx_word' id='word_1_212' title='bbox 1132 2782 1179 2840; x_wconf 90' lang='lat' dir='ltr'>est</span> <span class='ocrx_word' id='word_1_213' title='bbox 1200 2773 1319 2839; x_wconf 89' lang='lat' dir='ltr'>occasio</span> <span class='ocrx_word' id='word_1_214' title='bbox 1347 2781 1456 2860; x_wconf 86' lang='lat' dir='ltr'>quarta</span> <span class='ocrx_word' id='word_1_215' title='bbox 1476 2774 1659 2841; x_wconf 83' lang='lat' dir='ltr'>certaminis.</span> <span class='ocrx_word' id='word_1_216' title='bbox 1701 2776 1740 2842; x_wconf 89' lang='lat' dir='ltr'>Si</span> <span class='ocrx_word' id='word_1_217' title='bbox 1757 2780 1824 2843; x_wconf 82' lang='lat' dir='ltr'>cni·</span> 
     </span>
     <span class='ocr_line' id='line_1_23' title="bbox 656 2859 1824 2949; baseline -0.001 -19"><span class='ocrx_word' id='word_1_218' title='bbox 656 2888 723 2930; x_wconf 92' lang='lat' dir='ltr'>mae</span> <span class='ocrx_word' id='word_1_219' title='bbox 747 2865 871 2929; x_wconf 82' lang='lat' dir='ltr'>essentie</span> <span class='ocrx_word' id='word_1_220' title='bbox 890 2871 1060 2937; x_wconf 83' lang='lat' dir='ltr'>metasset,</span> <span class='ocrx_word' id='word_1_221' title='bbox 1088 2859 1204 2946; x_wconf 89' lang='lat' dir='ltr'>inquit,</span> <span class='ocrx_word' id='word_1_222' title='bbox 1236 2881 1293 2924; x_wconf 85' lang='lat' dir='ltr'>car</span> <span class='ocrx_word' id='word_1_223' title='bbox 1312 2860 1463 2927; x_wconf 83' lang='lat' dir='ltr'>interdum</span> <span class='ocrx_word' id='word_1_224' title='bbox 1482 2862 1618 2949; x_wconf 76' lang='lat' dir='ltr'>quiescat,</span> <span class='ocrx_word' id='word_1_225' title='bbox 1652 2883 1721 2928; x_wconf 82' lang='lat' dir='ltr'>cnm</span> <span class='ocrx_word' id='word_1_226' title='bbox 1739 2865 1824 2929; x_wconf 81' lang='lat' dir='ltr'>nulla</span> 
     </span>
     <span class='ocr_line' id='line_1_24' title="bbox 658 2945 1825 3033; baseline 0 -19"><span class='ocrx_word' id='word_1_227' title='bbox 658 2951 720 3015; x_wconf 86' lang='lat' dir='ltr'>alic</span> <span class='ocrx_word' id='word_1_228' title='bbox 740 2971 788 3013; x_wconf 84' lang='lat' dir='ltr'>res</span> <span class='ocrx_word' id='word_1_229' title='bbox 808 2948 1044 3012; x_wconf 80' lang='lat' dir='ltr'>contrarietatem</span> <span class='ocrx_word' id='word_1_230' title='bbox 1091 2948 1213 3033; x_wconf 80' lang='lat' dir='ltr'>reprioe</span> <span class='ocrx_word' id='word_1_231' title='bbox 1238 2945 1375 3012; x_wconf 82' lang='lat' dir='ltr'>admittat</span> <span class='ocrx_word' id='word_1_232' title='bbox 1403 2949 1564 3013; x_wconf 74' lang='lat' dir='ltr'>manniae?</span> <span class='ocrx_word' id='word_1_233' title='bbox 1602 2947 1703 3033; x_wconf 66' lang='lat' dir='ltr'>Ionis,</span> <span class='ocrx_word' id='word_1_234' title='bbox 1737 2951 1825 3014; x_wconf 73' lang='lat' dir='ltr'>cacas</span> 
     </span>
     <span class='ocr_line' id='line_1_25' title="bbox 659 2969 1824 3119; baseline -0.001 -19"><span class='ocrx_word' id='word_1_235' title='bbox 659 3036 799 3101; x_wconf 86' lang='lat' dir='ltr'>essentiae</span> <span class='ocrx_word' id='word_1_236' title='bbox 820 3033 903 3098; x_wconf 89' lang='lat' dir='ltr'>calor</span> <span class='ocrx_word' id='word_1_237' title='bbox 921 3033 1011 3115; x_wconf 85' lang='lat' dir='ltr'>inest,</span> <span class='ocrx_word' id='word_1_238' title='bbox 1031 2969 1127 3098; x_wconf 71' lang='lat' dir='ltr'>coiere</span> <span class='ocrx_word' id='word_1_239' title='bbox 1147 3052 1210 3098; x_wconf 87' lang='lat' dir='ltr'>non</span> <span class='ocrx_word' id='word_1_240' title='bbox 1230 3029 1356 3097; x_wconf 72' lang='lat' dir='ltr'>amna.-</span> <span class='ocrx_word' id='word_1_241' title='bbox 1382 3043 1410 3099; x_wconf 90' lang='lat' dir='ltr'>et</span> <span class='ocrx_word' id='word_1_242' title='bbox 1428 3034 1501 3119; x_wconf 82' lang='lat' dir='ltr'>qaia</span> <span class='ocrx_word' id='word_1_243' title='bbox 1518 3032 1667 3118; x_wconf 74' lang='lat' dir='ltr'>[riqidam</span> <span class='ocrx_word' id='word_1_244' title='bbox 1687 3035 1767 3100; x_wconf 69' lang='lat' dir='ltr'>nram</span> <span class='ocrx_word' id='word_1_245' title='bbox 1789 3035 1824 3100; x_wconf 85' lang='lat' dir='ltr'>in</span> 
     </span>
    </p>
   </div>
   <div class='ocr_carea' id='block_1_3' title="bbox 1448 3251 1758 3322">
    <p class='ocr_par' dir='ltr' id='par_1_3' title="bbox 1448 3251 1758 3322">
     <span class='ocr_line' id='line_1_26' title="bbox 1448 3251 1758 3322; baseline 0.01 -19"><span class='ocrx_word' id='word_1_246' title='bbox 1448 3252 1534 3315; x_wconf 81' lang='lat' dir='ltr'>[Edd.</span> <span class='ocrx_word' id='word_1_247' title='bbox 1553 3251 1758 3322; x_wconf 75' lang='lat' dir='ltr'>vicahgspdsb.</span> 
     </span>
    </p>
   </div>
   <div class='ocr_carea' id='block_1_4' title="bbox 657 3332 1828 4151">
    <p class='ocr_par' dir='ltr' id='par_1_4' title="bbox 659 3332 1691 3403">
     <span class='ocr_line' id='line_1_27' title="bbox 659 3332 1691 3403; baseline -0.003 -12"><span class='ocrx_word' id='word_1_248' title='bbox 659 3346 689 3392; x_wconf 88' lang='lat' dir='ltr'>et</span> <span class='ocrx_word' id='word_1_249' title='bbox 703 3353 796 3389; x_wconf 88' lang='lat' dir='ltr'>amaro</span> <span class='ocrx_word' id='word_1_250' title='bbox 811 3335 839 3388; x_wconf 89' lang='lat' dir='ltr'>S.</span> <span class='ocrx_word' id='word_1_251' title='bbox 857 3364 893 3377; x_wconf 91' lang='lat'><em>-</em></span> <span class='ocrx_word' id='word_1_252' title='bbox 909 3332 1107 3403; x_wconf 72' lang='lat' dir='ltr'>consequentia</span> <span class='ocrx_word' id='word_1_253' title='bbox 1125 3333 1204 3387; x_wconf 70' lang='lat' dir='ltr'>s-nP.</span> <span class='ocrx_word' id='word_1_254' title='bbox 1220 3359 1253 3375; x_wconf 89' lang='lat'><em>-</em></span> <span class='ocrx_word' id='word_1_255' title='bbox 1270 3342 1297 3389; x_wconf 84' lang='grc' dir='ltr'>θῖ</span> <span class='ocrx_word' id='word_1_256' title='bbox 1314 3336 1390 3403; x_wconf 74' lang='lat' dir='ltr'>qaod</span> <span class='ocrx_word' id='word_1_257' title='bbox 1408 3341 1495 3397; x_wconf 84' lang='lat' dir='ltr'>(corr.</span> <span class='ocrx_word' id='word_1_258' title='bbox 1513 3335 1541 3388; x_wconf 86' lang='lat' dir='ltr'>ia</span> <span class='ocrx_word' id='word_1_259' title='bbox 1557 3341 1622 3403; x_wconf 74' lang='lat' dir='ltr'>qao)</span> <span class='ocrx_word' id='word_1_260' title='bbox 1638 3335 1691 3388; x_wconf 64' lang='lat' dir='ltr'>Bt.</span> 
     </span>
    </p>

    <p class='ocr_par' dir='ltr' id='par_1_5' title="bbox 658 3402 1826 3607">
     <span class='ocr_line' id='line_1_28' title="bbox 658 3402 1825 3472; baseline -0.001 -14"><span class='ocrx_word' id='word_1_261' title='bbox 658 3411 684 3459; x_wconf 86' lang='lat'>4.</span> <span class='ocrx_word' id='word_1_262' title='bbox 722 3406 811 3472; x_wconf 85' lang='lat' dir='ltr'>Plato]</span> <span class='ocrx_word' id='word_1_263' title='bbox 828 3404 950 3457; x_wconf 83' lang='lat' dir='ltr'>Phaedr.</span> <span class='ocrx_word' id='word_1_264' title='bbox 968 3422 995 3469; x_wconf 82' lang='lat' dir='ltr'>p.</span> <span class='ocrx_word' id='word_1_265' title='bbox 1011 3406 1071 3454; x_wconf 79' lang='lat'><strong>246.</strong></span> <span class='ocrx_word' id='word_1_266' title='bbox 1087 3430 1122 3441; x_wconf 91' lang='lat'><em>-</em></span> <span class='ocrx_word' id='word_1_267' title='bbox 1138 3402 1181 3454; x_wconf 75' lang='lat' dir='ltr'>liic</span> <span class='ocrx_word' id='word_1_268' title='bbox 1197 3402 1261 3455; x_wconf 86' lang='lat' dir='ltr'>aliis</span> <span class='ocrx_word' id='word_1_269' title='bbox 1274 3412 1361 3457; x_wconf 84' lang='lat' dir='ltr'>motas</span> <span class='ocrx_word' id='word_1_270' title='bbox 1376 3412 1468 3456; x_wconf 66' lang='lat' dir='ltr'>aanor</span> <span class='ocrx_word' id='word_1_271' title='bbox 1484 3412 1522 3456; x_wconf 89' lang='grc' dir='ltr'>θεῖ</span> <span class='ocrx_word' id='word_1_272' title='bbox 1540 3420 1594 3455; x_wconf 88' lang='lat' dir='ltr'>om.</span> <span class='ocrx_word' id='word_1_273' title='bbox 1612 3404 1643 3456; x_wconf 90' lang='lat' dir='ltr'>P.</span> <span class='ocrx_word' id='word_1_274' title='bbox 1660 3429 1697 3446; x_wconf 88' lang='lat'>-·</span> <span class='ocrx_word' id='word_1_275' title='bbox 1713 3411 1825 3458; x_wconf 84' lang='lat' dir='ltr'>constat</span> 
     </span>
     <span class='ocr_line' id='line_1_29' title="bbox 658 3470 1826 3541; baseline -0.001 -14"><span class='ocrx_word' id='word_1_276' title='bbox 658 3475 741 3527; x_wconf 74' lang='lat' dir='ltr'>a-lsl).</span> <span class='ocrx_word' id='word_1_277' title='bbox 765 3500 793 3511; x_wconf 93' lang='lat'>-</span> <span class='ocrx_word' id='word_1_278' title='bbox 822 3474 985 3525; x_wconf 83' lang='lat' dir='ltr'>moderatam</span> <span class='ocrx_word' id='word_1_279' title='bbox 1001 3470 1179 3537; x_wconf 80' lang='lat' dir='ltr'>differentiam</span> <span class='ocrx_word' id='word_1_280' title='bbox 1195 3470 1238 3521; x_wconf 79' lang='lat' dir='ltr'>iric</span> <span class='ocrx_word' id='word_1_281' title='bbox 1259 3470 1293 3522; x_wconf 89' lang='lat' dir='ltr'>B.</span> <span class='ocrx_word' id='word_1_282' title='bbox 1311 3500 1347 3509; x_wconf 89' lang='lat'><em>-</em></span> <span class='ocrx_word' id='word_1_283' title='bbox 1371 3473 1470 3539; x_wconf 78' lang='lat' dir='ltr'>artifici</span> <span class='ocrx_word' id='word_1_284' title='bbox 1489 3472 1640 3538; x_wconf 65' lang='lat' dir='ltr'>Mass-gli.</span> <span class='ocrx_word' id='word_1_285' title='bbox 1673 3470 1742 3536; x_wconf 91' lang='lat' dir='ltr'>„Sic</span> <span class='ocrx_word' id='word_1_286' title='bbox 1759 3474 1826 3541; x_wconf 80' lang='lat' dir='ltr'>lego</span> 
     </span>
     <span class='ocr_line' id='line_1_30' title="bbox 659 3538 1672 3607; baseline -0.004 -13"><span class='ocrx_word' id='word_1_287' title='bbox 659 3560 723 3595; x_wconf 89' lang='lat' dir='ltr'>cam</span> <span class='ocrx_word' id='word_1_288' title='bbox 740 3541 828 3592; x_wconf 80' lang='grc' dir='ltr'><strong>Μεε.“</strong></span> <span class='ocrx_word' id='word_1_289' title='bbox 851 3541 937 3592; x_wconf 85' lang='lat' dir='ltr'>Gran.</span> <span class='ocrx_word' id='word_1_290' title='bbox 972 3538 1034 3590; x_wconf 85' lang='lat' dir='ltr'>Vid.</span> <span class='ocrx_word' id='word_1_291' title='bbox 1054 3542 1112 3591; x_wconf 86' lang='lat' dir='ltr'>not.</span> <span class='ocrx_word' id='word_1_292' title='bbox 1146 3538 1285 3603; x_wconf 76' lang='lat' dir='ltr'>,‚Becte.“</span> <span class='ocrx_word' id='word_1_293' title='bbox 1308 3539 1396 3592; x_wconf 79' lang='lat' dir='ltr'>Zeno·</span> <span class='ocrx_word' id='word_1_294' title='bbox 1446 3540 1565 3607; x_wconf 79' lang='lat' dir='ltr'>artificii</span> <span class='ocrx_word' id='word_1_295' title='bbox 1584 3538 1672 3590; x_wconf 77' lang='lat' dir='ltr'>lr-zl).</span> 
     </span>
    </p>

    <p class='ocr_par' dir='ltr' id='par_1_6' title="bbox 657 3603 1828 4151">
     <span class='ocr_line' id='line_1_31' title="bbox 659 3603 1827 3674; baseline -0.001 -12"><span class='ocrx_word' id='word_1_296' title='bbox 659 3615 686 3661; x_wconf 77' lang='lat' dir='ltr'>a.</span> <span class='ocrx_word' id='word_1_297' title='bbox 722 3618 751 3662; x_wconf 87' lang='lat' dir='ltr'>at</span> <span class='ocrx_word' id='word_1_298' title='bbox 769 3608 944 3674; x_wconf 84' lang='lat' dir='ltr'>meminimus]</span> <span class='ocrx_word' id='word_1_299' title='bbox 964 3606 1008 3657; x_wconf 81' lang='lat' dir='ltr'>cf.</span> <span class='ocrx_word' id='word_1_300' title='bbox 1026 3623 1049 3657; x_wconf 88' lang='lat' dir='ltr'>c.</span> <span class='ocrx_word' id='word_1_301' title='bbox 1070 3608 1110 3671; x_wconf 83' lang='lat'>14,</span> <span class='ocrx_word' id='word_1_302' title='bbox 1127 3603 1141 3671; x_wconf 81' lang='lat'>§</span> <span class='ocrx_word' id='word_1_303' title='bbox 1156 3608 1200 3657; x_wconf 60' lang='grc' dir='ltr'><strong>ἢὸ.</strong></span> <span class='ocrx_word' id='word_1_304' title='bbox 1215 3633 1250 3643; x_wconf 91' lang='grc'>-</span> <span class='ocrx_word' id='word_1_305' title='bbox 1267 3607 1400 3660; x_wconf 81' lang='lat' dir='ltr'>accedere</span> <span class='ocrx_word' id='word_1_306' title='bbox 1417 3607 1482 3659; x_wconf 80' lang='lat' dir='ltr'>veh.</span> <span class='ocrx_word' id='word_1_307' title='bbox 1501 3634 1528 3645; x_wconf 95' lang='lat'><em>-</em></span> <span class='ocrx_word' id='word_1_308' title='bbox 1549 3608 1664 3674; x_wconf 78' lang='lat' dir='ltr'>atquin</span> <span class='ocrx_word' id='word_1_309' title='bbox 1685 3603 1827 3660; x_wconf 74' lang='lat' dir='ltr'>Bsnrvo.</span> 
     </span>
     <span class='ocr_line' id='line_1_32' title="bbox 657 3673 1827 3743; baseline -0.001 -14"><span class='ocrx_word' id='word_1_310' title='bbox 657 3707 692 3717; x_wconf 94' lang='lat'>—</span> <span class='ocrx_word' id='word_1_311' title='bbox 721 3679 820 3729; x_wconf 85' lang='lat' dir='ltr'>moneri</span> <span class='ocrx_word' id='word_1_312' title='bbox 836 3685 861 3729; x_wconf 83' lang='lat' dir='ltr'>et</span> <span class='ocrx_word' id='word_1_313' title='bbox 876 3691 978 3727; x_wconf 84' lang='lat' dir='ltr'>movere</span> <span class='ocrx_word' id='word_1_314' title='bbox 997 3673 1048 3725; x_wconf 80' lang='lat' dir='ltr'>m,</span> <span class='ocrx_word' id='word_1_315' title='bbox 1074 3701 1109 3713; x_wconf 93' lang='lat'>—</span> <span class='ocrx_word' id='word_1_316' title='bbox 1133 3673 1225 3725; x_wconf 86' lang='lat' dir='ltr'>eadem</span> <span class='ocrx_word' id='word_1_317' title='bbox 1241 3683 1380 3727; x_wconf 82' lang='lat' dir='ltr'>moecatur</span> <span class='ocrx_word' id='word_1_318' title='bbox 1401 3681 1478 3743; x_wconf 82' lang='lat' dir='ltr'>(sup.</span> <span class='ocrx_word' id='word_1_319' title='bbox 1494 3673 1558 3727; x_wconf 78' lang='lat' dir='ltr'>oda.</span> <span class='ocrx_word' id='word_1_320' title='bbox 1573 3681 1613 3736; x_wconf 86' lang='lat' dir='ltr'>et)</span> <span class='ocrx_word' id='word_1_321' title='bbox 1631 3675 1682 3725; x_wconf 84' lang='lat' dir='ltr'>Rl.</span> <span class='ocrx_word' id='word_1_322' title='bbox 1710 3702 1742 3714; x_wconf 91' lang='lat'>—</span> <span class='ocrx_word' id='word_1_323' title='bbox 1772 3676 1827 3728; x_wconf 65' lang='lat' dir='ltr'>aaa</span> 
     </span>
     <span class='ocr_line' id='line_1_33' title="bbox 658 3740 1828 3811; baseline -0.002 -13"><span class='ocrx_word' id='word_1_324' title='bbox 658 3747 737 3799; x_wconf 71' lang='lat' dir='ltr'>laco</span> <span class='ocrx_word' id='word_1_325' title='bbox 754 3745 808 3795; x_wconf 79' lang='lat'>111.</span> <span class='ocrx_word' id='word_1_326' title='bbox 824 3772 859 3784; x_wconf 91' lang='lat'>-</span> <span class='ocrx_word' id='word_1_327' title='bbox 876 3742 1007 3811; x_wconf 82' lang='lat' dir='ltr'>saperius]</span> <span class='ocrx_word' id='word_1_328' title='bbox 1028 3758 1052 3793; x_wconf 91' lang='lat' dir='ltr'>c.</span> <span class='ocrx_word' id='word_1_329' title='bbox 1070 3740 1138 3807; x_wconf 75' lang='lat'>15‚§</span> <span class='ocrx_word' id='word_1_330' title='bbox 1154 3743 1237 3792; x_wconf 68' lang='lat'><strong>6-12.</strong></span> <span class='ocrx_word' id='word_1_331' title='bbox 1252 3768 1286 3780; x_wconf 90' lang='lat'><em>-</em></span> <span class='ocrx_word' id='word_1_332' title='bbox 1304 3743 1382 3795; x_wconf 81' lang='lat' dir='ltr'>alind</span> <span class='ocrx_word' id='word_1_333' title='bbox 1399 3752 1438 3796; x_wconf 86' lang='grc' dir='ltr'>θεῖ</span> <span class='ocrx_word' id='word_1_334' title='bbox 1456 3742 1556 3794; x_wconf 77' lang='lat' dir='ltr'>Eddl’.</span> <span class='ocrx_word' id='word_1_335' title='bbox 1571 3770 1604 3781; x_wconf 91' lang='lat'>-</span> <span class='ocrx_word' id='word_1_336' title='bbox 1623 3759 1702 3811; x_wconf 77' lang='lat' dir='ltr'>qnam</span> <span class='ocrx_word' id='word_1_337' title='bbox 1720 3759 1828 3796; x_wconf 83' lang='lat' dir='ltr'>movero</span> 
     </span>
     <span class='ocr_line' id='line_1_34' title="bbox 658 3808 1827 3882; baseline -0.001 -18"><span class='ocrx_word' id='word_1_338' title='bbox 658 3814 688 3865; x_wconf 80' lang='lat' dir='ltr'>ln</span> <span class='ocrx_word' id='word_1_339' title='bbox 716 3842 743 3851; x_wconf 98' lang='lat'>-</span> <span class='ocrx_word' id='word_1_340' title='bbox 768 3821 808 3864; x_wconf 88' lang='grc' dir='ltr'>θεῖ</span> <span class='ocrx_word' id='word_1_341' title='bbox 825 3828 903 3882; x_wconf 84' lang='lat' dir='ltr'>crgo</span> <span class='ocrx_word' id='word_1_342' title='bbox 921 3810 1093 3863; x_wconf 84' lang='lat' dir='ltr'>contrarietas</span> <span class='ocrx_word' id='word_1_343' title='bbox 1110 3808 1234 3860; x_wconf 72' lang='lat' dir='ltr'>ars-or.</span> <span class='ocrx_word' id='word_1_344' title='bbox 1276 3827 1356 3879; x_wconf 82' lang='lat' dir='ltr'>crgo</span> <span class='ocrx_word' id='word_1_345' title='bbox 1374 3812 1546 3863; x_wconf 82' lang='lat' dir='ltr'>contrarietas</span> <span class='ocrx_word' id='word_1_346' title='bbox 1564 3819 1601 3863; x_wconf 88' lang='grc' dir='ltr'>θεῖ</span> <span class='ocrx_word' id='word_1_347' title='bbox 1620 3812 1683 3871; x_wconf 82' lang='lat' dir='ltr'>(sed</span> <span class='ocrx_word' id='word_1_348' title='bbox 1702 3826 1767 3880; x_wconf 81' lang='lat' dir='ltr'>ergo</span> <span class='ocrx_word' id='word_1_349' title='bbox 1785 3811 1827 3863; x_wconf 90' lang='lat' dir='ltr'>vi-</span> 
     </span>
     <span class='ocr_line' id='line_1_35' title="bbox 659 3878 1708 3947; baseline -0.005 -14"><span class='ocrx_word' id='word_1_350' title='bbox 659 3884 741 3935; x_wconf 90' lang='lat' dir='ltr'>detur</span> <span class='ocrx_word' id='word_1_351' title='bbox 759 3897 822 3933; x_wconf 84' lang='lat' dir='ltr'>esse</span> <span class='ocrx_word' id='word_1_352' title='bbox 841 3896 858 3932; x_wconf 88' lang='lat' dir='ltr'>a</span> <span class='ocrx_word' id='word_1_353' title='bbox 875 3896 931 3931; x_wconf 76' lang='lat' dir='ltr'>acc.</span> <span class='ocrx_word' id='word_1_354' title='bbox 948 3884 1000 3938; x_wconf 79' lang='lat' dir='ltr'>m.)</span> <span class='ocrx_word' id='word_1_355' title='bbox 1019 3878 1070 3929; x_wconf 69' lang='lat' dir='ltr'>Rss.</span> <span class='ocrx_word' id='word_1_356' title='bbox 1105 3892 1185 3945; x_wconf 84' lang='lat' dir='ltr'>ergo</span> <span class='ocrx_word' id='word_1_357' title='bbox 1204 3884 1242 3929; x_wconf 84' lang='lat' dir='ltr'>est</span> <span class='ocrx_word' id='word_1_358' title='bbox 1259 3887 1340 3931; x_wconf 84' lang='lat' dir='ltr'>contr.</span> <span class='ocrx_word' id='word_1_359' title='bbox 1359 3878 1392 3931; x_wconf 92' lang='lat'>0.</span> <span class='ocrx_word' id='word_1_360' title='bbox 1410 3907 1443 3916; x_wconf 92' lang='lat'><em>-</em></span> <span class='ocrx_word' id='word_1_361' title='bbox 1461 3879 1524 3947; x_wconf 78' lang='lat' dir='ltr'>qaia</span> <span class='ocrx_word' id='word_1_362' title='bbox 1540 3897 1593 3930; x_wconf 89' lang='lat' dir='ltr'>nan</span> <span class='ocrx_word' id='word_1_363' title='bbox 1604 3881 1641 3946; x_wconf 84' lang='lat' dir='ltr'>fit</span> <span class='ocrx_word' id='word_1_364' title='bbox 1655 3879 1708 3930; x_wconf 77' lang='lat' dir='ltr'>Ra.</span> 
     </span>
     <span class='ocr_line' id='line_1_36' title="bbox 658 3944 1826 4082; baseline -0.002 -14"><span class='ocrx_word' id='word_1_365' title='bbox 658 3947 1067 4076; x_wconf 60' lang='lat' dir='ltr'>sartacteta-n</span> <span class='ocrx_word' id='word_1_366' title='bbox 1088 3944 1448 4082; x_wconf 58' lang='lat' dir='ltr'>crismam</span> <span class='ocrx_word' id='word_1_367' title='bbox 1461 3946 1826 4012; x_wconf 68' lang='lat'>‘³</span> 
     </span>
     <span class='ocr_line' id='line_1_37' title="bbox 660 4079 1828 4151; baseline -0.002 -16"><span class='ocrx_word' id='word_1_368' title='bbox 660 4084 717 4151; x_wconf 81' lang='lat' dir='ltr'>clrg</span> <span class='ocrx_word' id='word_1_369' title='bbox 735 4083 765 4134; x_wconf 92' lang='lat' dir='ltr'>in</span> <span class='ocrx_word' id='word_1_370' title='bbox 782 4100 839 4151; x_wconf 76' lang='lat' dir='ltr'>mg.</span> <span class='ocrx_word' id='word_1_371' title='bbox 874 4083 956 4149; x_wconf 84' lang='lat' dir='ltr'>„Hoc</span> <span class='ocrx_word' id='word_1_372' title='bbox 974 4081 1071 4133; x_wconf 83' lang='lat' dir='ltr'>malim</span> <span class='ocrx_word' id='word_1_373' title='bbox 1089 4095 1152 4147; x_wconf 80' lang='lat' dir='ltr'>ego.</span> <span class='ocrx_word' id='word_1_374' title='bbox 1188 4079 1279 4148; x_wconf 79' lang='lat' dir='ltr'>Supra</span> <span class='ocrx_word' id='word_1_375' title='bbox 1300 4080 1326 4148; x_wconf 65' lang='grc' dir='ltr'>[ξ</span> <span class='ocrx_word' id='word_1_376' title='bbox 1341 4082 1378 4148; x_wconf 75' lang='grc'><strong>5.]</strong></span> <span class='ocrx_word' id='word_1_377' title='bbox 1397 4080 1481 4134; x_wconf 80' lang='lat' dir='ltr'>dixit:</span> <span class='ocrx_word' id='word_1_378' title='bbox 1509 4082 1646 4149; x_wconf 73' lang='lat' dir='ltr'>cumipse</span> <span class='ocrx_word' id='word_1_379' title='bbox 1662 4087 1749 4132; x_wconf 70' lang='lat' dir='ltr'>notas</span> <span class='ocrx_word' id='word_1_380' title='bbox 1766 4082 1828 4133; x_wconf 89' lang='lat' dir='ltr'>ani-</span> 
     </span>
    </p>
   </div>
   <div class='ocr_carea' id='block_1_5' title="bbox 659 4279 1855 4687">
    <p class='ocr_par' dir='ltr' id='par_1_7' title="bbox 659 4279 1855 4622">
     <span class='ocr_line' id='line_1_38' title="bbox 693 4279 1825 4349; baseline -0.006 -13"><span class='ocrx_word' id='word_1_381' title='bbox 693 4287 719 4335; x_wconf 82' lang='lat'>4.</span> <span class='ocrx_word' id='word_1_382' title='bbox 753 4291 850 4336; x_wconf 87' lang='lat' dir='ltr'>motam</span> <span class='ocrx_word' id='word_1_383' title='bbox 868 4280 1061 4349; x_wconf 73' lang='lat' dir='ltr'>removentem]</span> <span class='ocrx_word' id='word_1_384' title='bbox 1079 4279 1123 4332; x_wconf 76' lang='lat' dir='ltr'>Cf.</span> <span class='ocrx_word' id='word_1_385' title='bbox 1138 4296 1163 4332; x_wconf 92' lang='lat' dir='ltr'>c.</span> <span class='ocrx_word' id='word_1_386' title='bbox 1178 4283 1219 4345; x_wconf 83' lang='lat' dir='ltr'>la,</span> <span class='ocrx_word' id='word_1_387' title='bbox 1269 4282 1338 4345; x_wconf 87' lang='lat' dir='ltr'>lam,</span> <span class='ocrx_word' id='word_1_388' title='bbox 1366 4281 1412 4333; x_wconf 82' lang='lat' dir='ltr'>scd</span> <span class='ocrx_word' id='word_1_389' title='bbox 1427 4280 1509 4348; x_wconf 82' lang='lat' dir='ltr'>plone</span> <span class='ocrx_word' id='word_1_390' title='bbox 1524 4280 1669 4346; x_wconf 75' lang='lat' dir='ltr'>artifex,</span> <span class='ocrx_word' id='word_1_391' title='bbox 1705 4283 1734 4331; x_wconf 85' lang='lat' dir='ltr'>et</span> <span class='ocrx_word' id='word_1_392' title='bbox 1749 4279 1825 4332; x_wconf 77' lang='lat' dir='ltr'>Rlin.</span> 
     </span>
     <span class='ocr_line' id='line_1_39' title="bbox 659 4348 1855 4420; baseline -0.003 -16"><span class='ocrx_word' id='word_1_393' title='bbox 659 4354 784 4420; x_wconf 64' lang='lat' dir='ltr'>§ticam</span> <span class='ocrx_word' id='word_1_394' title='bbox 1164 4386 1168 4394; x_wconf 93' lang='lat'>.</span> <span class='ocrx_word' id='word_1_395' title='bbox 1268 4349 1303 4402; x_wconf 78' lang='lat' dir='ltr'>N.</span> <span class='ocrx_word' id='word_1_396' title='bbox 1323 4348 1827 4415; x_wconf 74' lang='lat' dir='ltr'>fl.11‚oa‚·.os‚§1oc.qnoaicn</span> <span class='ocrx_word' id='word_1_397' title='bbox 1852 4373 1855 4378; x_wconf 46' lang='lat'><strong><em>⁹</em></strong></span> 
     </span>
     <span class='ocr_line' id='line_1_40' title="bbox 693 4413 1826 4485; baseline -0.004 -13"><span class='ocrx_word' id='word_1_398' title='bbox 693 4419 792 4485; x_wconf 83' lang='lat' dir='ltr'>artifici</span> <span class='ocrx_word' id='word_1_399' title='bbox 808 4413 980 4481; x_wconf 81' lang='lat' dir='ltr'>conclusione]</span> <span class='ocrx_word' id='word_1_400' title='bbox 1011 4415 1057 4479; x_wconf 93' lang='grc' dir='ltr'><strong>,,Ι,</strong></span> <span class='ocrx_word' id='word_1_401' title='bbox 1080 4419 1097 4466; x_wconf 85' lang='grc'>6</span> <span class='ocrx_word' id='word_1_402' title='bbox 1119 4415 1144 4482; x_wconf 68' lang='grc'>[5</span> <span class='ocrx_word' id='word_1_403' title='bbox 1163 4413 1217 4481; x_wconf 64' lang='lat' dir='ltr'>dt]</span> <span class='ocrx_word' id='word_1_404' title='bbox 1263 4416 1540 4483; x_wconf 76' lang='lat' dir='ltr'>formasseartit&#39;a&#39;a</span> <span class='ocrx_word' id='word_1_405' title='bbox 1556 4417 1826 4469; x_wconf 80' lang='lat' dir='ltr'>nataraarcdida-</span> 
     </span>
     <span class='ocr_line' id='line_1_41' title="bbox 660 4482 1827 4552; baseline -0.003 -13"><span class='ocrx_word' id='word_1_406' title='bbox 660 4489 727 4541; x_wconf 85' lang='lat' dir='ltr'>arti</span> <span class='ocrx_word' id='word_1_407' title='bbox 730 4492 748 4552; x_wconf 73' lang='lat' dir='ltr'><em>f</em></span> <span class='ocrx_word' id='word_1_408' title='bbox 751 4498 792 4538; x_wconf 79' lang='lat' dir='ltr'>ea</span> <span class='ocrx_word' id='word_1_409' title='bbox 803 4484 972 4547; x_wconf 77' lang='lat' dir='ltr'>fabricatoris</span> <span class='ocrx_word' id='word_1_410' title='bbox 985 4484 1162 4549; x_wconf 75' lang='lat' dir='ltr'>providentia,</span> <span class='ocrx_word' id='word_1_411' title='bbox 1181 4482 1217 4534; x_wconf 83' lang='lat' dir='ltr'>ils.</span> <span class='ocrx_word' id='word_1_412' title='bbox 1268 4486 1321 4547; x_wconf 78' lang='lat' dir='ltr'>oet,</span> <span class='ocrx_word' id='word_1_413' title='bbox 1341 4490 1383 4547; x_wconf 88' lang='lat' dir='ltr'>ct,</span> <span class='ocrx_word' id='word_1_414' title='bbox 1400 4501 1482 4551; x_wconf 84' lang='lat' dir='ltr'>quem</span> <span class='ocrx_word' id='word_1_415' title='bbox 1499 4485 1591 4535; x_wconf 89' lang='lat' dir='ltr'>locum</span> <span class='ocrx_word' id='word_1_416' title='bbox 1608 4484 1766 4536; x_wconf 76' lang='lat' dir='ltr'>Gronovius</span> <span class='ocrx_word' id='word_1_417' title='bbox 1784 4489 1827 4535; x_wconf 80' lang='lat' dir='ltr'>at-</span> 
     </span>
     <span class='ocr_line' id='line_1_42' title="bbox 661 4549 1826 4622; baseline -0.003 -16"><span class='ocrx_word' id='word_1_418' title='bbox 661 4555 686 4622; x_wconf 66' lang='lat' dir='ltr'>[fi</span> <span class='ocrx_word' id='word_1_419' title='bbox 705 4555 757 4620; x_wconf 86' lang='grc'><strong>63.]</strong></span> <span class='ocrx_word' id='word_1_420' title='bbox 778 4554 904 4616; x_wconf 75' lang='lat' dir='ltr'>artifex</span> <span class='ocrx_word' id='word_1_421' title='bbox 922 4558 1029 4601; x_wconf 85' lang='lat' dir='ltr'>natara.</span> <span class='ocrx_word' id='word_1_422' title='bbox 1068 4549 1218 4602; x_wconf 80' lang='lat' dir='ltr'>SicISa-</span> <span class='ocrx_word' id='word_1_423' title='bbox 1267 4551 1345 4618; x_wconf 87' lang='lat' dir='ltr'>tulit,</span> <span class='ocrx_word' id='word_1_424' title='bbox 1365 4551 1446 4605; x_wconf 80' lang='lat' dir='ltr'>ovio.</span> <span class='ocrx_word' id='word_1_425' title='bbox 1466 4551 1533 4603; x_wconf 83' lang='grc' dir='ltr'><strong>Μθῖ.</strong></span> <span class='ocrx_word' id='word_1_426' title='bbox 1552 4552 1609 4616; x_wconf 77' lang='lat' dir='ltr'>XV,</span> <span class='ocrx_word' id='word_1_427' title='bbox 1626 4555 1687 4603; x_wconf 67' lang='grc'><strong>918.</strong></span> <span class='ocrx_word' id='word_1_428' title='bbox 1707 4553 1826 4618; x_wconf 75' lang='lat' dir='ltr'>Artisi-</span> 
     </span>
    </p>

    <p class='ocr_par' dir='ltr' id='par_1_8' title="bbox 660 4618 1706 4687">
     <span class='ocr_line' id='line_1_43' title="bbox 660 4618 1706 4687; baseline -0.005 -12"><span class='ocrx_word' id='word_1_429' title='bbox 660 4631 733 4676; x_wconf 91' lang='lat' dir='ltr'>turu.</span> <span class='ocrx_word' id='word_1_430' title='bbox 755 4625 789 4673; x_wconf 74' lang='lat'>24</span> <span class='ocrx_word' id='word_1_431' title='bbox 812 4619 908 4687; x_wconf 61' lang='grc'><strong>[518]</strong></span> <span class='ocrx_word' id='word_1_432' title='bbox 936 4618 1073 4682; x_wconf 76' lang='lat' dir='ltr'>artifici</span> <span class='ocrx_word' id='word_1_433' title='bbox 1091 4619 1216 4671; x_wconf 87' lang='lat' dir='ltr'>dissima-</span> <span class='ocrx_word' id='word_1_434' title='bbox 1266 4628 1434 4673; x_wconf 83' lang='lat' dir='ltr'>oesnntara</span> <span class='ocrx_word' id='word_1_435' title='bbox 1450 4620 1706 4672; x_wconf 84' lang='lat' dir='ltr'>manasadmooit.</span> 
     </span>
    </p>
   </div>
   <div class='ocr_carea' id='block_1_6' title="bbox 660 4685 1216 4752">
    <p class='ocr_par' dir='ltr' id='par_1_9' title="bbox 660 4685 1216 4752">
     <span class='ocr_line' id='line_1_44' title="bbox 660 4685 1216 4752; baseline -0.036 -9"><span class='ocrx_word' id='word_1_436' title='bbox 660 4693 767 4743; x_wconf 83' lang='lat' dir='ltr'>latione.</span> <span class='ocrx_word' id='word_1_437' title='bbox 803 4688 879 4739; x_wconf 83' lang='lat' dir='ltr'>Male</span> <span class='ocrx_word' id='word_1_438' title='bbox 906 4685 969 4736; x_wconf 89' lang='lat' dir='ltr'>illic</span> <span class='ocrx_word' id='word_1_439' title='bbox 993 4701 1102 4752; x_wconf 85' lang='lat' dir='ltr'>quoquc</span> <span class='ocrx_word' id='word_1_440' title='bbox 1130 4686 1216 4751; x_wconf 75' lang='lat' dir='ltr'>artifl.</span> 
     </span>
    </p>
   </div>
   <div class='ocr_carea' id='block_1_7' title="bbox 654 4719 1825 4894">
    <p class='ocr_par' dir='ltr' id='par_1_10' title="bbox 654 4719 1825 4894">
     <span class='ocr_line' id='line_1_45' title="bbox 684 4719 1825 4773; baseline -0.015 14"><span class='ocrx_word' id='word_1_441' title='bbox 684 4761 706 4773; x_wconf 91' lang='lat'>··</span> <span class='ocrx_word' id='word_1_442' title='bbox 1197 4753 1203 4767; x_wconf 91' lang='lat'><strong>·</strong></span> <span class='ocrx_word' id='word_1_443' title='bbox 1300 4724 1325 4772; x_wconf 76' lang='lat'>⁵.</span> <span class='ocrx_word' id='word_1_444' title='bbox 1359 4728 1389 4773; x_wconf 88' lang='lat' dir='ltr'>at</span> <span class='ocrx_word' id='word_1_445' title='bbox 1409 4720 1573 4772; x_wconf 79' lang='lat' dir='ltr'>neminimus</span> <span class='ocrx_word' id='word_1_446' title='bbox 1611 4719 1629 4773; x_wconf 91' lang='lat' dir='ltr'>i.</span> <span class='ocrx_word' id='word_1_447' title='bbox 1654 4737 1679 4771; x_wconf 88' lang='grc' dir='ltr'>θ.</span> <span class='ocrx_word' id='word_1_448' title='bbox 1709 4724 1741 4772; x_wconf 89' lang='lat' dir='ltr'>ut</span> <span class='ocrx_word' id='word_1_449' title='bbox 1767 4737 1825 4771; x_wconf 89' lang='lat' dir='ltr'>rne-</span> 
     </span>
     <span class='ocr_line' id='line_1_46' title="bbox 654 4720 1825 4894; baseline -0.02 -14"><span class='ocrx_word' id='word_1_450' title='bbox 654 4778 717 4894; x_wconf 69' lang='lat' dir='ltr'>tt</span> <span class='ocrx_word' id='word_1_451' title='bbox 740 4756 853 4877; x_wconf 58' lang='lat' dir='ltr'>lilii·</span> <span class='ocrx_word' id='word_1_452' title='bbox 868 4752 980 4887; x_wconf 71' lang='lat' dir='ltr'>inilll</span> <span class='ocrx_word' id='word_1_453' title='bbox 1000 4753 1218 4873; x_wconf 59' lang='lat' dir='ltr'>{latitate</span> <span class='ocrx_word' id='word_1_454' title='bbox 1265 4788 1447 4840; x_wconf 60' lang='lat' dir='ltr'>rueram·</span> <span class='ocrx_word' id='word_1_455' title='bbox 1481 4787 1525 4839; x_wconf 74' lang='lat'>⁶¹·</span> <span class='ocrx_word' id='word_1_456' title='bbox 1542 4720 1601 4839; x_wconf 80' lang='lat' dir='ltr'>nl.</span> <span class='ocrx_word' id='word_1_457' title='bbox 1620 4788 1697 4841; x_wconf 73' lang='lat' dir='ltr'>1²¹·i1·</span> <span class='ocrx_word' id='word_1_458' title='bbox 1718 4788 1760 4851; x_wconf 65' lang='lat'>1¹,</span> <span class='ocrx_word' id='word_1_459' title='bbox 1781 4791 1825 4851; x_wconf 73' lang='lat'>³⁶,</span> 
     </span>
    </p>
   </div>
   <div class='ocr_carea' id='block_1_8' title="bbox 659 4888 1826 5362">
    <p class='ocr_par' dir='ltr' id='par_1_11' title="bbox 659 4888 1826 5362">
     <span class='ocr_line' id='line_1_47' title="bbox 659 4888 1217 4947; baseline -0.016 0"><span class='ocrx_word' id='word_1_460' title='bbox 659 4893 815 4947; x_wconf 80' lang='lat' dir='ltr'>Salmasius</span> <span class='ocrx_word' id='word_1_461' title='bbox 837 4891 873 4942; x_wconf 86' lang='lat' dir='ltr'>cd</span> <span class='ocrx_word' id='word_1_462' title='bbox 891 4888 1048 4941; x_wconf 90' lang='lat' dir='ltr'>Solinam.“</span> <span class='ocrx_word' id='word_1_463' title='bbox 1072 4889 1163 4941; x_wconf 73' lang='lat' dir='ltr'>Gran.</span> <span class='ocrx_word' id='word_1_464' title='bbox 1183 4917 1217 4928; x_wconf 92' lang='lat'>-</span> 
     </span>
     <span class='ocr_line' id='line_1_48' title="bbox 661 4955 1217 5026; baseline -0.013 -11"><span class='ocrx_word' id='word_1_465' title='bbox 661 4962 682 5015; x_wconf 77' lang='grc' dir='ltr'><strong>Α</strong></span> <span class='ocrx_word' id='word_1_466' title='bbox 702 4960 844 5014; x_wconf 82' lang='lat' dir='ltr'>Salmasio</span> <span class='ocrx_word' id='word_1_467' title='bbox 862 4976 888 5026; x_wconf 85' lang='lat' dir='ltr'>p.</span> <span class='ocrx_word' id='word_1_468' title='bbox 906 4960 958 5007; x_wconf 78' lang='lat'>417</span> <span class='ocrx_word' id='word_1_469' title='bbox 967 4972 983 5008; x_wconf 89' lang='lat' dir='ltr'>n</span> <span class='ocrx_word' id='word_1_470' title='bbox 1001 4955 1030 5007; x_wconf 85' lang='lat' dir='ltr'>C.</span> <span class='ocrx_word' id='word_1_471' title='bbox 1052 4957 1151 5021; x_wconf 72' lang='lat' dir='ltr'>antifer</span> <span class='ocrx_word' id='word_1_472' title='bbox 1169 4973 1217 5008; x_wconf 83' lang='lat' dir='ltr'>cx-</span> 
     </span>
     <span class='ocr_line' id='line_1_49' title="bbox 660 5024 1826 5096; baseline -0.007 -16"><span class='ocrx_word' id='word_1_473' title='bbox 660 5030 782 5096; x_wconf 82' lang='lat' dir='ltr'>plicatur</span> <span class='ocrx_word' id='word_1_474' title='bbox 803 5043 894 5093; x_wconf 84' lang='lat' dir='ltr'>‚‚qnce</span> <span class='ocrx_word' id='word_1_475' title='bbox 915 5042 977 5076; x_wconf 86' lang='lat' dir='ltr'>cum</span> <span class='ocrx_word' id='word_1_476' title='bbox 997 5024 1117 5077; x_wconf 79' lang='lat' dir='ltr'>artificio</span> <span class='ocrx_word' id='word_1_477' title='bbox 1140 5024 1218 5077; x_wconf 81' lang='lat' dir='ltr'>iacta</span> <span class='ocrx_word' id='word_1_478' title='bbox 1300 5026 1333 5077; x_wconf 81' lang='lat' dir='ltr'>ab</span> <span class='ocrx_word' id='word_1_479' title='bbox 1349 5026 1404 5078; x_wconf 83' lang='lat' dir='ltr'>alio</span> <span class='ocrx_word' id='word_1_480' title='bbox 1415 5026 1487 5077; x_wconf 82' lang='lat' dir='ltr'>circa</span> <span class='ocrx_word' id='word_1_481' title='bbox 1502 5024 1595 5092; x_wconf 80' lang='lat' dir='ltr'>aliam]</span> <span class='ocrx_word' id='word_1_482' title='bbox 1612 5024 1729 5076; x_wconf 86' lang='lat' dir='ltr'>Videtur</span> <span class='ocrx_word' id='word_1_483' title='bbox 1743 5039 1826 5088; x_wconf 80' lang='lat' dir='ltr'>prse-</span> 
     </span>
     <span class='ocr_line' id='line_1_50' title="bbox 660 5091 1825 5160; baseline -0.006 -11"><span class='ocrx_word' id='word_1_484' title='bbox 660 5100 738 5160; x_wconf 87' lang='lat' dir='ltr'>est“;</span> <span class='ocrx_word' id='word_1_485' title='bbox 765 5096 853 5157; x_wconf 80' lang='lat' dir='ltr'>sedi,</span> <span class='ocrx_word' id='word_1_486' title='bbox 872 5094 943 5160; x_wconf 77' lang='lat' dir='ltr'>ti,§§</span> <span class='ocrx_word' id='word_1_487' title='bbox 960 5095 993 5143; x_wconf 76' lang='grc'>47</span> <span class='ocrx_word' id='word_1_488' title='bbox 1013 5096 1100 5144; x_wconf 76' lang='lat' dir='ltr'>otoo.</span> <span class='ocrx_word' id='word_1_489' title='bbox 1119 5094 1218 5148; x_wconf 71' lang='lat' dir='ltr'>artifex</span> <span class='ocrx_word' id='word_1_490' title='bbox 1267 5097 1344 5146; x_wconf 78' lang='lat' dir='ltr'>stare</span> <span class='ocrx_word' id='word_1_491' title='bbox 1362 5094 1463 5156; x_wconf 82' lang='lat' dir='ltr'>aliod,</span> <span class='ocrx_word' id='word_1_492' title='bbox 1492 5110 1555 5145; x_wconf 89' lang='lat' dir='ltr'>cam</span> <span class='ocrx_word' id='word_1_493' title='bbox 1576 5092 1737 5146; x_wconf 73' lang='lat' dir='ltr'>antecedats</span> <span class='ocrx_word' id='word_1_494' title='bbox 1771 5091 1825 5142; x_wconf 86' lang='lat' dir='ltr'>dao</span> 
     </span>
     <span class='ocr_line' id='line_1_51' title="bbox 660 5160 1825 5231; baseline -0.005 -15"><span class='ocrx_word' id='word_1_495' title='bbox 660 5165 735 5216; x_wconf 88' lang='lat' dir='ltr'>idem</span> <span class='ocrx_word' id='word_1_496' title='bbox 762 5169 805 5216; x_wconf 84' lang='lat' dir='ltr'>est</span> <span class='ocrx_word' id='word_1_497' title='bbox 829 5179 863 5215; x_wconf 89' lang='lat' dir='ltr'>ac</span> <span class='ocrx_word' id='word_1_498' title='bbox 891 5177 983 5228; x_wconf 70' lang='lat' dir='ltr'>„qam</span> <span class='ocrx_word' id='word_1_499' title='bbox 1010 5164 1071 5212; x_wconf 83' lang='lat' dir='ltr'>arto</span> <span class='ocrx_word' id='word_1_500' title='bbox 1101 5160 1220 5211; x_wconf 86' lang='lat' dir='ltr'>utitur.“</span> <span class='ocrx_word' id='word_1_501' title='bbox 1266 5180 1319 5214; x_wconf 86' lang='lat' dir='ltr'>non</span> <span class='ocrx_word' id='word_1_502' title='bbox 1340 5162 1535 5231; x_wconf 82' lang='lat' dir='ltr'>intellegenda,</span> <span class='ocrx_word' id='word_1_503' title='bbox 1569 5162 1654 5228; x_wconf 81' lang='lat' dir='ltr'>qaod</span> <span class='ocrx_word' id='word_1_504' title='bbox 1675 5165 1779 5209; x_wconf 84' lang='lat' dir='ltr'>moveat</span> <span class='ocrx_word' id='word_1_505' title='bbox 1800 5165 1825 5210; x_wconf 87' lang='grc' dir='ltr'>θῖ</span> 
     </span>
     <span class='ocr_line' id='line_1_52' title="bbox 661 5226 1825 5311; baseline -0.003 -29"><span class='ocrx_word' id='word_1_506' title='bbox 661 5231 705 5283; x_wconf 82' lang='lat' dir='ltr'>Cf.</span> <span class='ocrx_word' id='word_1_507' title='bbox 726 5231 784 5282; x_wconf 79' lang='lat' dir='ltr'>(lic.</span> <span class='ocrx_word' id='word_1_508' title='bbox 809 5230 843 5281; x_wconf 88' lang='lat' dir='ltr'>N.</span> <span class='ocrx_word' id='word_1_509' title='bbox 862 5230 895 5281; x_wconf 89' lang='lat' dir='ltr'>l).</span> <span class='ocrx_word' id='word_1_510' title='bbox 919 5230 961 5293; x_wconf 88' lang='lat'>11,</span> <span class='ocrx_word' id='word_1_511' title='bbox 985 5232 1032 5293; x_wconf 74' lang='lat'>22,</span> <span class='ocrx_word' id='word_1_512' title='bbox 1060 5232 1102 5279; x_wconf 77' lang='lat'>⁶8.</span> <span class='ocrx_word' id='word_1_513' title='bbox 1132 5229 1219 5297; x_wconf 76' lang='lat' dir='ltr'>ipsias</span> <span class='ocrx_word' id='word_1_514' title='bbox 1268 5231 1353 5311; x_wconf 82' lang='lat' dir='ltr'>qaod</span> <span class='ocrx_word' id='word_1_515' title='bbox 1370 5238 1515 5282; x_wconf 78' lang='lat' dir='ltr'>moveatur.</span> <span class='ocrx_word' id='word_1_516' title='bbox 1550 5228 1585 5279; x_wconf 81' lang='lat' dir='ltr'>m</span> <span class='ocrx_word' id='word_1_517' title='bbox 1604 5228 1639 5277; x_wconf 81' lang='lat' dir='ltr'>cl.</span> <span class='ocrx_word' id='word_1_518' title='bbox 1656 5226 1670 5291; x_wconf 62' lang='grc' dir='ltr'>ᾗ</span> <span class='ocrx_word' id='word_1_519' title='bbox 1690 5228 1730 5275; x_wconf 72' lang='lat'>12</span> <span class='ocrx_word' id='word_1_520' title='bbox 1746 5232 1777 5278; x_wconf 91' lang='lat' dir='ltr'>at</span> <span class='ocrx_word' id='word_1_521' title='bbox 1790 5226 1825 5278; x_wconf 86' lang='lat' dir='ltr'>sit</span> 
     </span>
     <span class='ocr_line' id='line_1_53' title="bbox 661 5294 1825 5362; baseline -0.006 -11"><span class='ocrx_word' id='word_1_522' title='bbox 661 5300 754 5351; x_wconf 83' lang='lat' dir='ltr'>mandi</span> <span class='ocrx_word' id='word_1_523' title='bbox 777 5304 902 5351; x_wconf 82' lang='lat' dir='ltr'>notura</span> <span class='ocrx_word' id='word_1_524' title='bbox 927 5314 982 5349; x_wconf 85' lang='lat' dir='ltr'>aaa</span> <span class='ocrx_word' id='word_1_525' title='bbox 1005 5296 1151 5362; x_wconf 71' lang='lat' dir='ltr'>artificiosa</span> <span class='ocrx_word' id='word_1_526' title='bbox 1175 5314 1218 5349; x_wconf 84' lang='lat' dir='ltr'>so·</span> <span class='ocrx_word' id='word_1_527' title='bbox 1266 5305 1337 5352; x_wconf 77' lang='lat' dir='ltr'>enter</span> <span class='ocrx_word' id='word_1_528' title='bbox 1346 5294 1825 5362; x_wconf 66' lang='lat' dir='ltr'>nonannoeane-quodminus.</span> 
     </span>
    </p>
   </div>
   <div class='ocr_carea' id='block_1_9' title="bbox 1264 4856 1825 4992">
    <p class='ocr_par' dir='ltr' id='par_1_12' title="bbox 1264 4856 1825 4992">
     <span class='ocr_line' id='line_1_54' title="bbox 1265 4856 1825 4926; baseline -0.004 -17"><span class='ocrx_word' id='word_1_529' title='bbox 1265 4860 1308 4909; x_wconf 80' lang='lat'>92.</span> <span class='ocrx_word' id='word_1_530' title='bbox 1340 4856 1523 4909; x_wconf 79' lang='lat' dir='ltr'>Meministi</span> <span class='ocrx_word' id='word_1_531' title='bbox 1547 4857 1604 4926; x_wconf 80' lang='lat' dir='ltr'>ipsc</span> <span class='ocrx_word' id='word_1_532' title='bbox 1634 4858 1667 4909; x_wconf 87' lang='lat' dir='ltr'>de</span> <span class='ocrx_word' id='word_1_533' title='bbox 1696 4857 1825 4919; x_wconf 74' lang='lat' dir='ltr'>exulibus,</span> 
     </span>
     <span class='ocr_line' id='line_1_55' title="bbox 1264 4924 1825 4992; baseline -0.007 -14"><span class='ocrx_word' id='word_1_534' title='bbox 1264 4925 1315 4978; x_wconf 77' lang='lat' dir='ltr'>scis</span> <span class='ocrx_word' id='word_1_535' title='bbox 1332 4924 1366 4977; x_wconf 83' lang='lat' dir='ltr'>de</span> <span class='ocrx_word' id='word_1_536' title='bbox 1380 4925 1547 4979; x_wconf 75' lang='lat' dir='ltr'>immunitate</span> <span class='ocrx_word' id='word_1_537' title='bbox 1563 4926 1628 4992; x_wconf 82' lang='lat' dir='ltr'>qaid</span> <span class='ocrx_word' id='word_1_538' title='bbox 1646 4925 1759 4987; x_wconf 71' lang='lat' dir='ltr'>diceris,</span> <span class='ocrx_word' id='word_1_539' title='bbox 1787 4925 1825 4975; x_wconf 87' lang='lat' dir='ltr'>ol.</span> 
     </span>
    </p>
   </div>
   <div class='ocr_carea' id='block_1_10' title="bbox 0 0 2556 6420">
    <p class='ocr_par' dir='ltr' id='par_1_13' title="bbox 0 0 2556 6420">
     <span class='ocr_line' id='line_1_56' title="bbox 0 0 2556 6420; baseline 0 0"><span class='ocrx_word' id='word_1_540' title='bbox 0 0 2556 6420; x_wconf 95' lang='lat' dir='ltr'> </span> 
     </span>
    </p>
   </div>
  </div>
 </body>
</html>
