5092 6425
671 913 729 980 DE
751 913 857 979 DIFF.
878 911 933 977 ET
956 908 1045 978 SOC.
1068 907 1225 978 cunum
1245 908 1377 990 Lato.
1399 908 1534 979 VERBI.
1577 910 1659 980 VIII.
1680 914 1735 982 tx.
1778 916 1841 982 245

669 1083 819 1150 Necnon
842 1089 873 1146 ct
899 1080 1005 1164 πνίχω
1028 1079 1150 1160 πνίξω,
1184 1074 1292 1162 ἐρύκω
1311 1077 1433 1164 ἐρύξω.
1469 1081 1590 1148 Mutata
1618 1091 1665 1148 est
1690 1092 1722 1150 et
1743 1085 1842 1151 finalis

670 1168 703 1231 in
726 1167 814 1232 litera
837 1176 868 1230 et
890 1187 970 1264 quae
997 1165 1150 1230 antecedit
1171 1165 1202 1229 in
1223 1174 1379 1251 ternpore,
1414 1164 1566 1250 siquidem
1589 1171 1612 1232 Ι
1630 1177 1662 1234 et
1687 1173 1717 1232 Y
1733 1171 1842 1236 verbo·

669 1274 739 1317 rum
762 1250 1027 1336 supradictorum
1049 1252 1080 1315 in
1100 1250 1254 1335 praesenti
1276 1250 1401 1335 quidem
1425 1250 1648 1335 producuntur,
1670 1255 1840 1341 corripiun-

671 1345 724 1402 tur
748 1346 850 1402 autcm
875 1336 906 1399 in
927 1335 1041 1401 loturo.
1085 1336 1117 1400 Si
1140 1357 1213 1419 ergo
1243 1356 1368 1401 necesse
1390 1344 1452 1412 est,
1485 1336 1571 1401 utin
1594 1337 1749 1423 berytonis
1772 1343 1887 1405 ver-ll

668 1423 716 1486 bis
743 1443 821 1507 quae
848 1421 962 1486 babent
990 1422 1021 1485 in
1049 1422 1200 1507 praesenti
1230 1429 1302 1485 ante
1326 1421 1360 1482 11
1383 1419 1530 1506 liquidam
1560 1433 1779 1490 consonantem
1807 1424 1839 1490 in

667 1507 772 1573 loturo
794 1506 981 1593 paenultima
1004 1528 1042 1570 ex
1065 1506 1155 1590 longa
1177 1505 1279 1570 brevis
1301 1505 1369 1582 liat,
1390 1514 1427 1570 ut
1446 1500 1566 1589 ἀγείρω
1587 1500 1710 1588 elyensi,
1730 1509 1888 1594 psci-[aon]

666 1616 715 1656 νω
737 1593 861 1675 plauci:
886 1591 1041 1676 sequitur,
1061 1598 1112 1666 ut,
1135 1612 1204 1655 cum
1229 1589 1406 1655 huiusmodi
1431 1590 1523 1656 verba
1545 1591 1707 1677 bissyllaba
1731 1614 1838 1679 reppe-

666 1679 804 1755 riuntur,
841 1676 872 1740 in
896 1676 1008 1761 quibus
1030 1675 1143 1761 syllaba
1166 1696 1246 1762 quae
1274 1675 1380 1760 incipit
1403 1676 1468 1761 ipsa
1490 1683 1538 1740 est
1561 1676 1669 1762 utique
1690 1678 1722 1743 in
1746 1681 1859 1762 pacn'

668 1764 789 1838 ultima,
826 1769 902 1826 tunc
927 1767 1065 1825 mutetur
1096 1783 1159 1827 non
1190 1760 1278 1846 quasi
1306 1761 1404 1846 prima
1435 1760 1489 1826 sed
1547 1761 1611 1827 uasi
1637 1763 1837 1847 paenultima,

665 1847 890 1931 calamistrati,
926 1845 1048 1929 σπείρω
1074 1846 1190 1930 σπερῶ.
1246 1849 1293 1910 lta
1318 1846 1365 1924 lit,
1397 1854 1433 1912 ut
1457 1783 1544 1932 apud
1561 1846 1695 1922 Graecos
1722 1848 1886 1913 mutari12

666 1952 900 2016 nonnumquam
925 1929 1020 1995 luturi
1042 1930 1156 2016 syllaba
1183 1931 1282 2016 prima
1306 1930 1433 1997 dicatur.
1474 1933 1552 1997 ltcm
1573 1930 1683 2017 τρέφω
1703 1933 1834 2018 primam

667 2018 787 2083 literam
823 2023 1032 2101 permutantes
1066 2012 1181 2100 θρέψω
1215 2015 1345 2093 iaciunt,
1382 2022 1414 2082 ct
1442 2011 1503 2099 ἔχω
1528 2012 1629 2093 ψιλὸν
1662 2014 1724 2096 έξω
1750 2013 1836 2082 tect

665 2095 1834 2252 ¹³‘tilllltffilitiltblltffllblllltla'itlialllffld

687 2294 749 2350 erc,
770 2187 934 2355 ηρτρέφω
956 2208 1072 2355 &pidia
1094 2279 1126 2336 et
1146 2270 1248 2358 τρέχω
1269 2269 1397 2356 θρέξωε
1417 2271 1550 2349 demere,
1572 2280 1608 2336 ut
1626 2271 1706 2356 θρίξ
1725 2267 1835 2356 τριχὸς

664 2357 789 2423 iaciunt.
822 2351 910 2439 Ἕχω
930 2365 1033 2422 autem
1055 2365 1087 2422 et
1108 2353 1170 2434 έξω
1190 2357 1268 2422 circa
1290 2356 1508 2442 aspirationem
1529 2363 1611 2422 certa
1632 2357 1752 2423 ratione
1773 2357 1883 2422 dis-13

633 2464 641 2477 ’
664 2443 817 2520 sentiunt,
839 2443 926 2528 quia,
945 2463 1015 2507 cum
1038 2440 1081 2506 las
1102 2451 1183 2507 esset
1202 2442 1327 2528 utrique
1347 2442 1564 2528 aspirationem
1587 2440 1668 2521 dari,
1689 2451 1726 2508 ut
1750 2438 1833 2506 itam

664 2525 763 2605 ἕλξω,
790 2526 869 2593 hanc
890 2529 935 2612 τῷ
957 2524 1018 2610 έχω
1040 2527 1188 2612 assignari
1209 2527 1375 2592 necessitas
1399 2527 1451 2591 ille
1475 2549 1537 2591 non
1560 2547 1647 2610 passa
1669 2535 1732 2605 cst,
1759 2527 1831 2613 quia

663 2613 729 2678 sieri
752 2634 814 2677 ηοη
841 2620 957 2699 potest,
994 2619 1030 2676 ut
1055 2612 1117 2677 ulla
1144 2613 1256 2678 vocalis
1284 2611 1458 2699 praeposita
1478 2615 1514 2675 X
1539 2611 1646 2676 literae
1671 2612 1831 2695 aspiratio·

662 2719 734 2763 nem
756 2698 876 2763 babeat.
920 2696 1063 2782 Denique
1086 2701 1120 2776 Y,
1143 2698 1215 2784 quia
1232 2718 1402 2784 numquam
1422 2697 1489 2763 sine
1510 2696 1695 2781 aspiratione
1715 2697 1831 2782 incipit,
1841 2698 1881 2760 14

646 2805 831 2869 numquam
855 2787 890 2846 X
908 2783 1013 2848 literae
1036 2783 1251 2868 praeponitur,
1272 2804 1311 2848 ne
1331 2782 1456 2849 alterius
1477 2789 1586 2846 natura
1607 2781 1754 2860 violetur,
1776 2790 1831 2847 aut

662 2871 720 2932 τοῦ
745 2874 785 2947 Ῥ,
818 2867 843 2932 si
864 2868 989 2954 incipiat
1010 2868 1076 2933 sine
1098 2869 1299 2953 aspiratione,
1328 2876 1383 2934 aut
1402 2869 1462 2932 τοῦ
1484 2871 1531 2946 Χ,
1561 2866 1587 2932 si
1610 2888 1672 2952 qua
1693 2867 1828 2932 vocalem

663 2975 732 3018 cnm
755 2952 939 3035 aspiratione
962 2953 1122 3018 sustineat.
1162 2955 1316 3021 Futurum
1339 2974 1413 3038 ergo
1435 2950 1513 3031 ἔξω,
1547 2952 1697 3017 subducta
1716 2952 1829 3036 aspira·
1842 2953 1878 3016 15

662 3037 747 3102 tione
775 3038 955 3101 necessitate
985 3040 1019 3098 X
1037 3037 1157 3114 literae,
1193 3038 1337 3124 spiritum
1356 3035 1618 3103 vehementiorem
1646 3043 1701 3101 aut
1721 3037 1830 3121 recipit

663 3130 718 3188 aut
738 3120 848 3186 tenuit.
890 3123 927 3185 In
950 3120 1106 3184 nonnullis
1132 3141 1206 3185 vero
1226 3121 1329 3186 verbis
1358 3120 1389 3184 in
1411 3122 1475 3183 MI
1498 3118 1683 3184 exeuntibus
1707 3119 1741 3184 lit
1767 3121 1828 3205 pri-

663 3229 731 3273 mae
751 3204 883 3291 syllabae
904 3227 967 3270 ηοη
989 3203 1174 3290 permutatio
1195 3204 1248 3271 sed
1269 3203 1410 3283 amissio,
1447 3210 1483 3271 ut
1501 3202 1618 3287 τίθημι
1636 3199 1747 3288 θήσω,
1780 3204 1827 3268 di-

662 3294 747 3376 δωμι
767 3287 878 3370 δώσω,
899 3290 1032 3375 κίχρημι
1049 3284 1169 3374 χρήσω.

921 3376 976 3439 IX.
1019 3375 1067 3439 De
1088 3375 1240 3461 praesenti
1266 3381 1406 3457 tempore
1434 3372 1564 3459 passivo.

747 3461 850 3527 Omne
879 3480 1022 3547 praesens
1045 3466 1167 3545 tempus
1192 3458 1275 3558 apud
1297 3457 1432 3525 Graecos
1458 3457 1489 3522 in
1515 3459 1549 3522 Ω
1572 3455 1715 3521 desinens
1742 3456 1826 3522 modi
1858 3461 1873 3523 1

661 3546 817 3613 indicativi
837 3545 958 3632 generis
977 3543 1067 3611 activi
1090 3543 1175 3613 verbi
1195 3542 1419 3632 perispomeni,
1443 3542 1469 3608 si
1489 3541 1641 3609 secundae
1661 3539 1876 3627 coniuge-[eor]

1572 3662 1658 3727 [Edd.
1675 3663 1759 3731 pdsb.

662 3758 701 3806 12.
740 3754 835 3806 iidem
854 3751 925 3804 coni.
945 3750 1032 3803 zeon.
1054 3780 1089 3791 -
1115 3752 1190 3804 Iones
1208 3750 1279 3802 Edd-
1314 3748 1369 3802 Sed
1385 3750 1422 3802 ci.
1440 3765 1465 3802 e.
1482 3752 1529 3816 14,
1553 3748 1583 3816 §5
1604 3750 1827 3812 rs‚1e,2o.-

663 3820 802 3874 ΤΡΕΦΩ
829 3819 971 3873 ΤΡΕΨΩ
996 3819 1027 3871 Ρ.
1182 3823 1222 3870 13.
1256 3820 1351 3871 littero
1375 3835 1410 3870 eu
1434 3816 1465 3869 Ρ.
1617 3819 1658 3868 14.
1693 3817 1718 3868 ri
1735 3833 1826 3883 quem

659 3890 732 3941 coni.
750 3888 817 3957 Ops.
971 3891 1013 3939 15.
1048 3894 1096 3940 eut
1116 3886 1210 3956 recipit
1227 3894 1275 3940 cut
1291 3887 1387 3939 renuit
1404 3885 1478 3938 coni.
1496 3884 1564 3950 Ops.
1602 3893 1651 3938 out
1667 3885 1760 3951 recipit
1777 3891 1825 3933 ent

659 3966 761 4010 emaci
780 3955 852 4009 coni.
870 3956 950 4009 Porri.
984 3973 1067 4009 nunc
1085 3956 1178 4024 recipit
1193 3972 1250 4026 pro
1267 3955 1346 4010 tenui
1367 3954 1454 4006 Zeun.
1487 3952 1621 4006 Vidnot.
1643 3977 1680 3992 -
1709 3950 1825 4003 ΤΙΘΕ-

659 4026 713 4076 MI
728 4023 760 4076 Ρ.

1514 4103 1583 4165 [bis.
1601 4100 1632 4151 V.
1665 4099 1717 4151 Ea.
1734 4113 1756 4149 e.

726 4193 774 4245 lx.
809 4192 978 4245 lnt'ahaec
995 4196 1100 4243 tontum
1118 4192 1265 4258 leguntur:
1302 4194 1325 4242 1.
1344 4192 1415 4252 (13.)
1441 4188 1744 4250 Itemomneprnesenr
1759 4188 1824 4233 tem-

656 4279 709 4331 pus
732 4262 805 4330 apud
826 4262 940 4313 Graecos
958 4260 987 4311 in
1006 4258 1034 4310 st
1057 4259 1192 4323 desinent,
1224 4260 1296 4311 modi
1319 4256 1474 4318 indicativi,
1503 4252 1610 4323 generis
1629 4251 1726 4313 activi,
1752 4248 1825 4299 verbi

694 4368 735 4416 10.
770 4363 947 4431 corripiuntur
963 4370 1051 4414 uatem
1070 4362 1098 4413 in
1113 4360 1216 4429 futoro]
1302 4364 1344 4413 15.
1379 4358 1508 4411 subducto
1532 4352 1707 4423 aspiratione]
1730 4368 1771 4403 sc.
1793 4350 1823 4402 in

657 4433 746 4484 Immo
764 4431 897 4483 videntur
914 4429 1016 4497 corripi
1035 4435 1150 4497 propter
1166 4428 1218 4479 du·
1265 4427 1407 4496 praesenti
1425 4433 1559 4492 tempore.
1778 4485 1784 4498 ⁸
1806 4484 1812 4497 .

657 4500 762 4565 plicem
781 4515 853 4565 quoe
872 4497 1216 4565 seqnitnrconsonsntem,
1300 4496 1420 4565 spiritum
1438 4491 1651 4545 uehementiorem
1666 4494 1713 4541 cut
1730 4490 1824 4565 recipit

657 4565 1131 4686 quenulaproduceretursyllebu.
1154 4563 1215 4615 vid.
1265 4572 1313 4616 ont
1338 4562 1433 4628 tenuit]
1461 4558 1605 4625 „Spiritus
1629 4557 1823 4608 veliementior

682 4634 779 4686 obeclr.
798 4635 834 4687 ed
851 4632 1006 4702 Phryniclr.
1027 4650 1052 4699 p.
1072 4636 1129 4683 lot.
1263 4630 1313 4682 bic
1331 4630 1437 4696 estqui
1455 4627 1528 4680 alins
1545 4625 1649 4677 dicitnr
1666 4639 1759 4690 asper,
1777 4618 1822 4671 cui

1264 4697 1414 4766 opponitur
1432 4694 1553 4749 tenuis.“
1579 4693 1665 4745 Zeus.
1686 4720 1721 4729 -
1742 4690 1822 4740 Haec

1263 4766 1350 4818 verbs
1367 4763 1414 4832 qui
1430 4769 1539 4815 mutere
1555 4762 1712 4821 voluerunt,
1728 4757 1749 4810 ii
1766 4772 1822 4836 uoq

1263 4840 1340 4886 recte
1357 4849 1390 4885 en
1406 4831 1615 4884 intellexerunt.
1649 4827 1774 4892 Namque
1796 4840 1823 4905 s}

657 4936 821 4989 subiiciunt.
856 4936 925 4988 Num
943 4935 1056 4987 sanein
1075 4935 1150 4986 omui
1171 4950 1215 4984 re·
1262 4901 1431 5021 ἓθὲρᾞξω·
1444 4900 1479 5018 ⁸2¹
1491 4892 1822 5017 Ἓὲἕῃὲχέσέονξῃγξῐιέέ

656 5007 786 5087 3¹l¹⁸5⁸t
803 5004 938 5088 quidum
957 5002 1123 5086 ''ww'‘
1160 5016 1215 5068 ‘¹¹¹⁸
1264 4987 1349 5088 ritum
1370 4984 1500 5103 ngsbeibm
1525 5032 1637 5084 mollito
1656 5024 1730 5081 ἜΧ.
1765 4977 1821 5076 Ille

657 5072 765 5137 uqunrd
789 5071 851 5125 fieri
877 5073 967 5123 debet.
1002 5070 1050 5122 Sic
1071 5072 1215 5123 Anacreon
1264 5103 1382 5169 'piritu'
1403 5119 1466 5155 cum
1487 5101 1516 5153 ᾗ,
1538 5098 1680 5167 mmm
1697 5103 1823 5160 tempore

656 5130 1216 5273 ῗεςιέξθέῖέυζέμῖνῖὅὲέἑηῖἑῗωέἔῖἄζ.
1265 5175 1389 5224 mutetur
1410 5170 1438 5222 in
1463 5170 1570 5232 lenem,
1602 5166 1631 5218 in
1650 5165 1745 5215 inturo
1763 5167 1822 5221 unt,

658 5276 700 5337 re,
715 5272 775 5339 aaa
791 5278 820 5325 ω
835 5276 861 5327 s.

691 4738 733 4786 la.
768 4734 908 4786 necessitas
931 4731 991 4798 illc]
1019 4730 1141 4794 „Noster
1168 4746 1216 4783 ne-

656 4804 803 4856 cessitatem
821 4800 940 4853 subinde
964 4799 1081 4850 adhibet
1100 4816 1149 4865 pro
1172 4815 1214 4850 re·

656 4873 734 4940 gulo.
769 4869 892 4920 Eandem
909 4868 966 4920 vim
986 4866 1089 4919 Graeci
1110 4860 1215 4934 ἆνᾶχκχ

1266 5237 1292 5290 si
1309 5237 1476 5306 respicimus
1491 5235 1527 5287 ed
1544 5247 1690 5303 praesens,
1719 5228 1823 5294 recipi-

1266 5312 1327 5373 tur,
1345 5311 1410 5373 ant,
1432 5304 1459 5358 sl
1475 5302 1512 5357 nd
1529 5300 1683 5371 originem,
1705 5301 1823 5351 terretur.
