5092 6425
716 871 758 940 42
1195 864 1416 936 Macaoau·

717 1062 778 1129 que
799 1041 956 1105 mutuatus
978 1035 1134 1102 insolubili
1156 1036 1236 1101 inter
1258 1057 1291 1102 se
1314 1035 1436 1102 vinculo
1458 1035 1610 1100 elementa
1629 1033 1783 1103 devinxit:
1806 1036 1886 1104 sieut

716 1129 748 1192 in
767 1125 893 1190 Timaeo
915 1122 1051 1186 Platonis
1072 1121 1227 1187 adsertam
1248 1129 1304 1197 est,
1326 1141 1388 1184 non
1407 1119 1496 1184 aliter
1517 1129 1581 1185 tam
1605 1130 1804 1188 controversa
1826 1123 1885 1188 sibi

715 1231 750 1276 ac
777 1230 853 1294 repu
897 1207 979 1271 antia
1009 1215 1041 1271 et
1070 1214 1196 1271 naturae
1226 1205 1475 1271 communionem
1502 1205 1669 1271 abnuentia
1695 1207 1885 1291 permisceri,

713 1302 827 1360 terram
870 1295 917 1358 ico
939 1299 970 1356 et
990 1291 1107 1376 ignem,
1147 1291 1284 1376 potuisse
1305 1298 1337 1355 et
1364 1310 1419 1374 per
1440 1298 1504 1354 tam
1526 1290 1692 1374 iugabilem
1716 1300 1884 1377 conpeten-

714 1379 788 1444 tiam
808 1375 974 1453 foederari,
1014 1376 1074 1441 nisi
1094 1376 1215 1441 duobus
1235 1375 1344 1443 mediis
1365 1375 1445 1440 aeris
1466 1383 1498 1440 et
1517 1396 1615 1460 aquae
1635 1376 1768 1441 nexibus
1789 1377 1884 1445 vinci·

661 1465 703 1532 25
713 1471 829 1529 rentur.
876 1464 924 1527 lta
952 1460 1035 1526 enim
1065 1462 1217 1527 elementa
1244 1463 1327 1526 inter
1353 1481 1385 1525 se
1413 1460 1618 1526 diversissima
1647 1461 1751 1547 opifex
1779 1469 1884 1528 tamen

713 1548 788 1614 deus
808 1547 925 1612 ordinis
947 1547 1155 1630 oportunitate
1180 1546 1340 1623 conexuit,
1373 1553 1410 1610 ut
1436 1543 1524 1610 facile
1547 1545 1764 1642 iungerentur:
1801 1569 1884 1628 nam,

712 1653 782 1699 cum
802 1633 893 1697 binae
915 1631 1070 1695 essentia
1091 1631 1219 1716 singulis
1240 1631 1417 1718 qualitates,
1444 1630 1537 1696 talem
1558 1630 1727 1729 unicuique
1748 1631 1787 1696 de
1808 1633 1884 1699 dua·

711 1718 770 1782 bus
791 1716 918 1782 alteram
941 1715 1040 1794 dedit,
1078 1724 1115 1781 ut
1136 1717 1168 1781 in
1191 1737 1228 1782 eo
1249 1717 1299 1782 eui
1319 1716 1461 1781 haereret
1482 1723 1640 1800 cognatam
1663 1715 1721 1781 sibi
1744 1724 1776 1781 et
1797 1717 1882 1784 simi·

659 1802 771 1869 idlem
794 1801 974 1887 repperiret
1027 1802 1123 1866 Terra
1143 1808 1191 1867 est
1211 1802 1290 1867 sicca
1311 1808 1343 1867 et
1363 1798 1486 1885 frigida,
1524 1820 1603 1887 aqua
1626 1821 1700 1866 vero
1720 1800 1830 1886 frigida
1849 1811 1883 1868 et

711 1886 855 1953 humecta
874 1894 936 1952 est:
956 1885 1032 1951 baec
1051 1886 1113 1950 duo
1131 1887 1293 1964 elementa,
1313 1885 1384 1950 licet
1403 1884 1461 1950 sibi
1481 1886 1668 1968 persiccum
1687 1885 1882 1953 humectum-

711 1993 772 2057 que
789 1971 940 2038 contraria
960 1971 1031 2049 sint,
1050 1992 1106 2056 per
1125 1970 1269 2058 frigidum
1287 1979 1392 2036 tamon
1412 1990 1575 2052 commune
1595 1970 1774 2055 iungrmtur.
1816 1977 1882 2038 Aer

710 2055 873 2123 humectus
899 2062 931 2121 et
951 2056 1067 2121 calidus
1093 2064 1154 2121 est:
1199 2064 1246 2134 et,
1284 2077 1354 2122 oum
1376 2074 1473 2142 aquae
1499 2053 1626 2140 frigidae
1648 2055 1820 2121 contraius
1840 2057 1883 2122 sit

710 2142 824 2221 calore,
845 2140 1059 2207 conciliatione
1081 2148 1184 2206 mmen
1206 2141 1281 2206 socii
1302 2140 1464 2226 copulatur
1485 2138 1635 2204 humoris
1676 2139 1773 2224 Super
1793 2139 1882 2206 hunc

710 2225 803 2310 ignis,
833 2247 903 2292 cum
928 2225 969 2290 sit
990 2226 1106 2290 calidus
1128 2233 1159 2293 et
1181 2226 1293 2304 siccus,
1326 2226 1488 2290 humorem
1512 2224 1636 2309 quidem
1659 2225 1738 2290 aeris
1760 2226 1881 2309 respuit

657 2307 699 2372 27
709 2311 853 2389 siccitate,
875 2310 928 2376 sed
948 2310 1120 2376 conectitur
1140 2331 1196 2395 per
1217 2311 1393 2376 societatem
1414 2309 1532 2374 caloris
1573 2310 1616 2375 Et
1633 2309 1675 2374 ita
1694 2308 1738 2388 lit,
1759 2318 1796 2374 ut
1816 2310 1880 2374 sin·

708 2397 778 2480 gula
807 2416 948 2481 quaeque
977 2396 1200 2460 elementorum
1226 2395 1290 2462 duo
1322 2395 1381 2461 sibi
1409 2393 1481 2458 binc
1514 2392 1586 2458 inde
1618 2394 1717 2460 vicina
1748 2394 1879 2478 singulis

707 2480 906 2564 qualitatibus
924 2479 1010 2545 velut
1030 2479 1212 2563 quibusdam
1233 2480 1458 2565 amplectantur
1475 2478 1574 2544 ulnis:
1594 2499 1673 2564 aqua
1692 2486 1808 2544 terram
1825 2478 1878 2544 sri-

707 2583 790 2647 gore,
808 2584 910 2627 aerem
928 2563 986 2627 sibi
1001 2563 1096 2627 nectit
1117 2562 1260 2628 humore:
1284 2584 1337 2628 aer
1356 2583 1454 2650 aquae
1473 2562 1618 2628 humecto
1638 2564 1740 2642 simili,
1762 2570 1794 2629 et
1813 2563 1876 2648 igni

585 2668 589 2674 ·
656 2647 810 2725 [aeJcalore
833 2647 982 2712 sociatur:
1003 2646 1082 2731 ignis
1103 2647 1166 2712 aeri
1189 2647 1337 2725 miscetur
1356 2655 1393 2714 ut
1412 2647 1517 2725 calido,
1540 2655 1639 2713 terrae
1663 2648 1802 2734 iungitur
1819 2649 1877 2713 sic·

707 2731 813 2796 citato:
852 2739 935 2796 terra
964 2731 1066 2815 ignem
1095 2732 1174 2796 sicco
1204 2732 1335 2817 patitur,
1377 2753 1395 2797 a
1440 2753 1489 2797 am
1517 2732 1630 2818 frigore
1657 2753 1721 2798 non
1748 2734 1876 2819 respuit.

654 2815 790 2884 28Hacc
811 2823 916 2881 tamen
943 2816 1075 2881 varietas
1099 2816 1309 2895 vinculomm,
1340 2817 1367 2883 si
1390 2825 1542 2882 cementa
1565 2818 1627 2883 duo
1648 2816 1764 2896 forent,
1797 2818 1875 2883 nibil

705 2902 786 2966 inter
806 2900 872 2986 ipsa
891 2901 1043 2966 firmitatis
1066 2901 1238 2966 habuisset:
1270 2902 1296 2967 si
1317 2903 1391 2980 tria,
1413 2903 1515 2968 minus
1538 2904 1664 2988 quidem
1684 2904 1799 2980 valido,
1820 2903 1875 2968 ali·

704 3007 767 3085 quo
787 2993 890 3052 tamen
911 3007 994 3052 nexu
1013 2986 1172 3052 vincienda
1195 2986 1339 3052 nodaret:
1361 2987 1442 3053 inter
1485 2995 1611 3053 uattuor
1630 3009 1703 3055 vero
1725 2988 1875 3054 insolubi-

703 3072 741 3137 lrs
766 3071 919 3157 colligatio
943 3078 1004 3149 est,
1044 3092 1114 3137 cum
1140 3072 1218 3137 duae
1242 3073 1435 3138 summitates
1462 3009 1582 3138 duabus
1609 3073 1875 3139 interiectionibus

703 3155 894 3225 vinciuntur:
922 3157 1005 3244 quod
1027 3156 1086 3223 erit
1106 3157 1311 3235 manifestius,
1334 3157 1360 3224 si
1383 3159 1415 3224 in
1437 3157 1539 3223 medio
1559 3158 1754 3244 posuerimus
1775 3158 1874 3245 ipsam

651 3242 693 3310 29
703 3243 923 3310 continentiam
945 3263 1053 3309 sensus
1079 3243 1117 3308 de
1139 3244 1266 3309 Timaeo
1287 3245 1425 3310 Platonis
1453 3252 1638 3331 excerptam.
1686 3245 1799 3311 Divisi
1824 3246 1874 3311 dc-

768 3366 837 3419 Μιι.
857 3366 1124 3430 Brauniacum]

700 3452 777 3504 malis
792 3451 824 3503 F.
842 3480 873 3491 -
890 3453 1088 3506 indissolubili
1104 3451 1349 3505 FSBsndirmTrs.
1369 3481 1404 3492 -
1423 3452 1453 3505 irs
1474 3451 1592 3519 liriaco]
1612 3452 1633 3504 l.
1652 3468 1676 3504 c.
1694 3479 1729 3492 -
1744 3468 1800 3505 aee
1817 3452 1873 3505 ali·

699 3526 740 3571 ter
755 3535 816 3584 v-g.
836 3547 865 3557 -
889 3537 927 3572 aa
942 3530 1058 3574 maturae
1076 3521 1146 3572 Bra.
1168 3548 1193 3559 -
1217 3522 1420 3573 communionem
1440 3536 1495 3571 oar.
1512 3520 1560 3571 Pi.
1595 3521 1778 3572 communioris
1793 3536 1819 3572 ιι.
1838 3546 1873 3559 -

699 3587 844 3637 abnuentia
867 3602 978 3639 erasnm
1001 3593 1030 3639 et
1047 3587 1270 3654 suprascriptum
1289 3593 1332 3640 ast
1348 3590 1460 3639 invicem
1479 3603 1574 3638 aversa
1597 3586 1625 3638 in
1643 3587 1694 3638 m.
1718 3615 1745 3626 -
1770 3589 1872 3656 permi-

699 3652 765 3703 sceri
787 3651 954 3704 ambiisse.
974 3655 1132 3717 ‚,mernbr·“
1151 3654 1226 3705 Mod.
1247 3654 1279 3705 bl.
1298 3654 1328 3704 Is.
1347 3672 1374 3720 p.
1390 3658 1432 3704 ar.
1470 3658 1630 3721 permiscere
1649 3655 1678 3706 ia
1700 3670 1754 3707 ras.
1777 3670 1793 3705 ιι
1814 3672 1871 3707 sac.

698 3734 735 3768 m.
759 3716 811 3767 lit.
861 3721 990 3785 permisci
1011 3721 1058 3771 Pl.
1107 3722 1275 3787 promisceri
1297 3722 1335 3782 (Β
1355 3736 1441 3787 snpra
1459 3726 1531 3788 per)
1558 3720 1704 3790 FricbgG.
1753 3722 1870 3789 prami-

698 3800 774 3835 scere
795 3784 847 3834 112.
865 3802 964 3851 —per
982 3794 1038 3838 tam
1056 3788 1201 3855 iugabilem
1225 3790 1423 3856 competentiam
1440 3789 1576 3852 foederari
1593 3792 1710 3857 patuisse
1727 3795 1797 3850 (om.
1819 3805 1872 3841 an·

698 3851 786 3902 teced.
805 3855 843 3913 et)
860 3866 884 3903 s.
902 3876 935 3889 -
949 3854 1069 3920 potuisse
1083 3870 1131 3921 per
1150 3861 1218 3915 (orn.
1237 3860 1275 3915 et)
1294 3855 1377 3906 Pv-ln.
1412 3857 1529 3923 potuisse
1545 3873 1601 3909 aec
1616 3874 1664 3925 per
1678 3874 1707 3925 g.
1720 3883 1755 3895 -
1772 3865 1803 3909 et
1820 3873 1870 3908 ae-

697 3919 735 3969 ris
754 3919 804 3969 Ra.
957 3924 1000 3971 25.
1038 3922 1081 3972 lta
1099 3921 1226 3974 elementa
1246 3922 1297 3974 tu.
1332 3924 1372 3976 ita
1391 3931 1497 3975 aulem
1514 3924 1589 3975 elem.
1608 3926 1665 3987 Ra3
1698 3924 1727 3975 in
1752 3931 1869 3990 utroque

697 4002 758 4052 sup.
776 3986 840 4039 add.
863 3986 940 4039 enim.
962 4016 995 4026 —
1019 3991 1160 4041 conteruit
1180 3990 1250 4041 Bra.
1291 3992 1416 4044 conterit
1439 3996 1516 4056 (sup.
1541 3994 1675 4053 conexuit)
1695 3991 1728 4043 F.
1750 4020 1783 4030 -
1809 4009 1868 4044 eum

695 4054 774 4106 birsae
789 4056 819 4108 irs
837 4056 876 4107 ria
901 4056 953 4108 alis
977 4055 1019 4121 (vi
1039 4058 1183 4127 singalas)
1206 4058 1349 4125 qualitates
1365 4066 1449 4110 esseut
1472 4076 1533 4126 ug.
1558 4086 1586 4096 -
1610 4060 1691 4110 talem
1708 4076 1762 4109 orn.
1781 4058 1812 4109 F.
1838 4087 1867 4097 -

696 4123 729 4175 de
752 4124 859 4176 deabus
915 4124 1052 4176 uras-zu.
1083 4152 1111 4163 —
1142 4129 1234 4178 altera
1260 4125 1292 4176 Β.
1318 4153 1352 4165 -
1379 4127 1498 4180 haereret
1530 4124 1868 4178 nuussssraursmnn.

696 4192 861 4246 adhaereret
876 4192 1062 4245 snraaddd’.
1083 4221 1110 4231 -
1127 4201 1280 4263 cognatam
1298 4194 1350 4246 lil.
1501 4197 1543 4244 26.
1580 4202 1604 4246 ct
1619 4195 1738 4246 lemida
1754 4211 1815 4262 v·g.
1833 4221 1868 4233 -

694 4266 723 4312 ct
741 4261 888 4315 bamectam
906 4263 959 4314 siat
977 4262 1111 4314 contraria
1127 4261 1160 4312 F.
1186 4290 1218 4300 -
1242 4279 1301 4314 aam
1318 4277 1405 4330 aquae
1420 4261 1464 4326 [τί
1489 4277 1526 4312 sss
1544 4263 1712 4314 contrariam
1730 4262 1765 4314 sit
1781 4263 1869 4314 calari

693 4326 765 4378 Burs.
787 4355 816 4365 -
836 4330 986 4380 contrarias
1001 4334 1069 4395 tom.
1086 4330 1135 4396 sit)
1154 4329 1203 4381 Rss.
1225 4358 1252 4367 -
1276 4331 1449 4397 copulantur
1491 4330 1574 4380 sadi.
1594 4357 1622 4368 -
1642 4330 1777 4382 humares
1794 4330 1865 4381 Βιιιι.

693 4417 727 4431 -
751 4410 809 4444 cam
826 4394 929 4447 calidas
946 4397 981 4449 sit
999 4403 1024 4449 et
1039 4397 1123 4449 siccas
1139 4396 1170 4447 F.
1206 4415 1264 4449 acm
1283 4398 1317 4449 sit
1335 4398 1418 4448 siccas
1436 4403 1461 4447 et
1478 4398 1582 4448 calidas
1600 4396 1651 4448 lia.
1678 4424 1705 4436 -
1729 4398 1866 4450 societate

642 4498 643 4502 ,
693 4459 790 4510 caloris
806 4475 867 4526 mg.
1019 4468 1063 4514 21.
1099 4462 1388 4517 sinceriorem·
1408 4464 1488 4515 acciit
1506 4480 1559 4515 om.
1582 4464 1613 4517 F.
1634 4492 1660 4503 -
1682 4465 1798 4516 liemare.
1815 4466 1866 4518 ita

693 4542 740 4576 aer
758 4526 791 4576 G.
816 4554 842 4564 -
862 4526 984 4580 hamore
1002 4531 1084 4582 simili
1099 4530 1225 4583 R2lr'l'rs·
1261 4532 1387 4583 liemare
1404 4532 1544 4583 similiter
1562 4532 1598 4583 11.
1624 4558 1653 4570 -
1676 4540 1702 4584 et
1718 4533 1802 4600 ignis
1819 4549 1866 4582 aa·

692 4592 747 4645 lore
765 4593 814 4642 Ra.
837 4622 866 4635 ·-
892 4595 925 4646 ia
942 4598 1029 4651 aalide
1047 4599 1135 4663 „Mam
1154 4600 1243 4650 multo
1261 4598 1395 4650 melius.“
1414 4598 1500 4649 Gron.
1523 4626 1549 4637 -
1575 4608 1662 4651 terrae
1678 4600 1817 4651 vincitur
1832 4599 1865 4649 Ῑι.

798 4663 841 4711 28.
876 4665 969 4727 foreat
995 4672 1070 4732 (sup.
1096 4672 1195 4727 esseni)
1217 4666 1269 4717 Rs.
1298 4694 1325 4705 -
1353 4668 1422 4719 inter
1446 4684 1478 4718 se
1498 4668 1557 4733 ipsa
1579 4668 1614 4719 G.
1641 4694 1668 4704 -
1695 4667 1865 4719 habuissent

691 4724 723 4776 F.
758 4726 911 4781 baberent
929 4730 958 4782 S.
978 4759 1005 4769 -
1026 4742 1114 4785 tamea
1129 4735 1218 4801 aliquo
1237 4734 1316 4785 Rari.
1337 4762 1363 4772 -
1384 4736 1523 4786 vinciendi
1541 4735 1591 4785 R2.
1613 4762 1639 4773 ·-
1659 4734 1867 4786 indissolubilis

690 4792 721 4845 S·
742 4821 768 4831 —
788 4795 817 4845 ia
831 4803 944 4861 quatuor
961 4797 990 4849 b.
1009 4828 1034 4838 -
1053 4802 1187 4867 posueris
1202 4803 1282 4870 v-gb,
1301 4802 1372 4868 qnod
1390 4802 1502 4869 legibus
1520 4802 1637 4868 linguae
1654 4802 1866 4853 convenientius

691 4876 754 4912 esse
772 4862 882 4927 putavit
899 4864 985 4916 Zeun.
1010 4894 1036 4905 -
1063 4868 1096 4920 de
1117 4868 1235 4937 Timaea]
1259 4871 1278 4925 1.
1298 4888 1321 4921 c.
1344 4898 1379 4910 -
1406 4877 1553 4937 exemptam
1571 4870 1616 4922 BS
1640 4870 1694 4937 (Rl
1715 4887 1777 4938 sup·
1799 4870 1865 4935 lin.)

681 4983 858 5065 ¹nem-posui
885 4990 951 5037 ante
976 4985 1051 5068 harpe
1073 5003 1184 5069 rocem,
1219 4993 1251 5070 ut
1301 4988 1405 5071 tionem
1433 4988 1574 5044 inserendi
1602 4992 1775 5061 geminatam
1805 5008 1865 5043 me·

689 5052 933 5201 lbagbllelblgibl:
948 5055 1252 5175 delburbnbhgulllbslorli:
1301 5058 1503 5174 malilmliiciai
1514 5124 1623 5192 decoris]
1643 5124 1810 5193 „Expositio
1821 5128 1865 5176 est

689 5185 732 5237 hil
750 5192 869 5240 enatam.
904 5189 1109 5257 Adpronomen
1142 5190 1251 5243 oasin·
1301 5189 1460 5243 sententiae
1477 5191 1658 5260 Platonicae,
1691 5210 1745 5247 nou
1764 5194 1864 5246 verbo-

690 5255 814 5326 tellagas
837 5258 906 5311 daas
922 5258 1089 5327 medietates,
1123 5207 1142 5312 ll
1164 5275 1188 5311 e.
1206 5274 1252 5314 xa·
1304 5262 1398 5312 xun.“
1418 5258 1528 5313 cisen.
