<?xml version="1.0" encoding="UTF-8"?>
<!DOCTYPE html PUBLIC "-//W3C//DTD XHTML 1.0 Transitional//EN"
    "http://www.w3.org/TR/xhtml1/DTD/xhtml1-transitional.dtd">
<html xmlns="http://www.w3.org/1999/xhtml" xml:lang="en" lang="en">
 <head>
  <title>
</title>
<meta http-equiv="Content-Type" content="text/html;charset=utf-8" />
  <meta name='ocr-system' content='tesseract 3.04.00' />
  <meta name='ocr-capabilities' content='ocr_page ocr_carea ocr_par ocr_line ocrx_word'/>
</head>
<body>
  <div class='ocr_page' id='page_1' title='image "./operaquaesupers00macrgoog/operaquaesupers00macrgoog_0021.png"; bbox 0 0 5092 6425; ppageno 0'>
   <div class='ocr_carea' id='block_1_1' title="bbox 1129 787 1834 853">
    <p class='ocr_par' dir='ltr' id='par_1_1' title="bbox 1129 787 1834 853">
     <span class='ocr_line' id='line_1_1' title="bbox 1129 787 1834 853; baseline 0.01 -7"><span class='ocrx_word' id='word_1_1' title='bbox 1129 802 1322 847; x_wconf 77' lang='lat' dir='ltr'><strong>rrrrrsrro.</strong></span> <span class='ocrx_word' id='word_1_2' title='bbox 1774 787 1834 853; x_wconf 82' lang='lat' dir='ltr'><strong>XV</strong></span> 
     </span>
    </p>
   </div>
   <div class='ocr_carea' id='block_1_2' title="bbox 611 948 1835 1431">
    <p class='ocr_par' dir='ltr' id='par_1_2' title="bbox 611 948 1835 1431">
     <span class='ocr_line' id='line_1_2' title="bbox 611 948 1835 1046; baseline -0.001 -23"><span class='ocrx_word' id='word_1_3' title='bbox 611 959 650 1023; x_wconf 90' lang='lat' dir='ltr'><strong>de</strong></span> <span class='ocrx_word' id='word_1_4' title='bbox 672 953 907 1040; x_wconf 79' lang='lat' dir='ltr'>orthographia:</span> <span class='ocrx_word' id='word_1_5' title='bbox 935 962 1003 1019; x_wconf 92' lang='lat' dir='ltr'><strong>turn</strong></span> <span class='ocrx_word' id='word_1_6' title='bbox 1028 954 1103 1039; x_wconf 73' lang='lat' dir='ltr'><strong>(cap.</strong></span> <span class='ocrx_word' id='word_1_7' title='bbox 1126 952 1191 1036; x_wconf 83' lang='lat' dir='ltr'><strong>IV.)</strong></span> <span class='ocrx_word' id='word_1_8' title='bbox 1218 951 1256 1016; x_wconf 93' lang='lat' dir='ltr'><strong>de</strong></span> <span class='ocrx_word' id='word_1_9' title='bbox 1281 971 1388 1016; x_wconf 90' lang='lat' dir='ltr'><strong>eorum</strong></span> <span class='ocrx_word' id='word_1_10' title='bbox 1413 948 1481 1016; x_wconf 85' lang='lat' dir='ltr'><strong>latis</strong></span> <span class='ocrx_word' id='word_1_11' title='bbox 1502 961 1534 1018; x_wconf 90' lang='lat' dir='ltr'><strong>et</strong></span> <span class='ocrx_word' id='word_1_12' title='bbox 1554 953 1593 1019; x_wconf 89' lang='lat' dir='ltr'><strong>de</strong></span> <span class='ocrx_word' id='word_1_13' title='bbox 1612 953 1739 1020; x_wconf 82' lang='lat' dir='ltr'><strong>diversis</strong></span> <span class='ocrx_word' id='word_1_14' title='bbox 1758 980 1835 1046; x_wconf 90' lang='lat' dir='ltr'><strong>quas</strong></span> 
     </span>
     <span class='ocr_line' id='line_1_3' title="bbox 612 1052 1833 1148; baseline 0.003 -24"><span class='ocrx_word' id='word_1_15' title='bbox 612 1059 697 1124; x_wconf 91' lang='lat' dir='ltr'><strong>docti</strong></span> <span class='ocrx_word' id='word_1_16' title='bbox 718 1057 858 1122; x_wconf 90' lang='lat' dir='ltr'><strong>homines</strong></span> <span class='ocrx_word' id='word_1_17' title='bbox 878 1056 916 1121; x_wconf 94' lang='lat' dir='ltr'><strong>de</strong></span> <span class='ocrx_word' id='word_1_18' title='bbox 937 1056 974 1120; x_wconf 89' lang='lat' dir='ltr'><strong>iis</strong></span> <span class='ocrx_word' id='word_1_19' title='bbox 996 1054 1190 1140; x_wconf 90' lang='lat' dir='ltr'><strong>protulerunt</strong></span> <span class='ocrx_word' id='word_1_20' title='bbox 1211 1052 1382 1118; x_wconf 80' lang='lat' dir='ltr'><strong>sententiis:</strong></span> <span class='ocrx_word' id='word_1_21' title='bbox 1405 1052 1537 1139; x_wconf 91' lang='lat' dir='ltr'><strong>denique</strong></span> <span class='ocrx_word' id='word_1_22' title='bbox 1559 1060 1734 1124; x_wconf 80' lang='lat' dir='ltr'>enumeravi</span> <span class='ocrx_word' id='word_1_23' title='bbox 1758 1062 1833 1148; x_wconf 87' lang='lat' dir='ltr'><strong>(cap.</strong></span> 
     </span>
     <span class='ocr_line' id='line_1_4' title="bbox 611 1155 1834 1247; baseline -0.002 -21"><span class='ocrx_word' id='word_1_24' title='bbox 611 1161 659 1247; x_wconf 83' lang='lat' dir='ltr'><strong>V.)</strong></span> <span class='ocrx_word' id='word_1_25' title='bbox 688 1159 810 1225; x_wconf 89' lang='lat' dir='ltr'><strong>codices</strong></span> <span class='ocrx_word' id='word_1_26' title='bbox 836 1178 929 1222; x_wconf 92' lang='lat' dir='ltr'><strong>manu</strong></span> <span class='ocrx_word' id='word_1_27' title='bbox 950 1156 1080 1243; x_wconf 90' lang='lat' dir='ltr'><strong>scriptos</strong></span> <span class='ocrx_word' id='word_1_28' title='bbox 1104 1155 1216 1241; x_wconf 91' lang='lat' dir='ltr'><strong>quibus</strong></span> <span class='ocrx_word' id='word_1_29' title='bbox 1237 1175 1313 1220; x_wconf 93' lang='lat' dir='ltr'><strong>usus</strong></span> <span class='ocrx_word' id='word_1_30' title='bbox 1338 1174 1420 1231; x_wconf 89' lang='lat' dir='ltr'><strong>sum,</strong></span> <span class='ocrx_word' id='word_1_31' title='bbox 1443 1163 1475 1220; x_wconf 92' lang='lat' dir='ltr'><strong>et</strong></span> <span class='ocrx_word' id='word_1_32' title='bbox 1497 1155 1572 1241; x_wconf 87' lang='lat' dir='ltr'><strong>(cap.</strong></span> <span class='ocrx_word' id='word_1_33' title='bbox 1595 1159 1659 1245; x_wconf 84' lang='lat' dir='ltr'><strong>Vl.)</strong></span> <span class='ocrx_word' id='word_1_34' title='bbox 1684 1160 1834 1231; x_wconf 74' lang='lat' dir='ltr'><strong>editiones</strong></span> 
     </span>
     <span class='ocr_line' id='line_1_5' title="bbox 613 1255 1832 1350; baseline 0.002 -22"><span class='ocrx_word' id='word_1_35' title='bbox 613 1269 770 1350; x_wconf 84' lang='lat' dir='ltr'><strong>quotquot</strong></span> <span class='ocrx_word' id='word_1_36' title='bbox 790 1268 844 1326; x_wconf 93' lang='lat' dir='ltr'><strong>aut</strong></span> <span class='ocrx_word' id='word_1_37' title='bbox 864 1281 922 1345; x_wconf 92' lang='lat' dir='ltr'><strong>ego</strong></span> <span class='ocrx_word' id='word_1_38' title='bbox 944 1259 1006 1325; x_wconf 87' lang='lat' dir='ltr'><strong>vidi</strong></span> <span class='ocrx_word' id='word_1_39' title='bbox 1027 1265 1081 1323; x_wconf 90' lang='lat' dir='ltr'><strong>aut</strong></span> <span class='ocrx_word' id='word_1_40' title='bbox 1102 1257 1133 1321; x_wconf 93' lang='lat' dir='ltr'><strong>in</strong></span> <span class='ocrx_word' id='word_1_41' title='bbox 1154 1256 1257 1342; x_wconf 92' lang='lat' dir='ltr'><strong>aliqua</strong></span> <span class='ocrx_word' id='word_1_42' title='bbox 1279 1255 1464 1321; x_wconf 79' lang='lat' dir='ltr'>bibliotheca</span> <span class='ocrx_word' id='word_1_43' title='bbox 1487 1256 1614 1325; x_wconf 80' lang='lat' dir='ltr'><strong>inveniri</strong></span> <span class='ocrx_word' id='word_1_44' title='bbox 1636 1281 1674 1325; x_wconf 81' lang='lat' dir='ltr'><strong>ex</strong></span> <span class='ocrx_word' id='word_1_45' title='bbox 1692 1263 1759 1328; x_wconf 93' lang='lat' dir='ltr'><strong>aliis</strong></span> <span class='ocrx_word' id='word_1_46' title='bbox 1779 1286 1832 1331; x_wconf 90' lang='lat' dir='ltr'><strong>au-</strong></span> 
     </span>
     <span class='ocr_line' id='line_1_6' title="bbox 614 1365 686 1431; baseline -0.042 0"><span class='ocrx_word' id='word_1_47' title='bbox 614 1365 686 1431; x_wconf 83' lang='lat' dir='ltr'><strong>divi.</strong></span> 
     </span>
    </p>
   </div>
   <div class='ocr_carea' id='block_1_3' title="bbox 614 1561 1836 2645">
    <p class='ocr_par' dir='ltr' id='par_1_3' title="bbox 614 1561 1836 2645">
     <span class='ocr_line' id='line_1_7' title="bbox 702 1561 1832 1649; baseline 0.004 -19"><span class='ocrx_word' id='word_1_48' title='bbox 702 1566 739 1630; x_wconf 92' lang='lat' dir='ltr'><strong>ln</strong></span> <span class='ocrx_word' id='word_1_49' title='bbox 761 1585 879 1630; x_wconf 88' lang='lat' dir='ltr'><strong>summa</strong></span> <span class='ocrx_word' id='word_1_50' title='bbox 901 1563 1008 1649; x_wconf 80' lang='lat' dir='ltr'><strong>quavis</strong></span> <span class='ocrx_word' id='word_1_51' title='bbox 1028 1562 1138 1649; x_wconf 80' lang='lat' dir='ltr'><strong>pagina</strong></span> <span class='ocrx_word' id='word_1_52' title='bbox 1158 1582 1220 1625; x_wconf 93' lang='lat' dir='ltr'><strong>non</strong></span> <span class='ocrx_word' id='word_1_53' title='bbox 1241 1568 1361 1626; x_wconf 90' lang='lat' dir='ltr'><strong>tanturn</strong></span> <span class='ocrx_word' id='word_1_54' title='bbox 1384 1561 1495 1626; x_wconf 92' lang='lat' dir='ltr'><strong>librum</strong></span> <span class='ocrx_word' id='word_1_55' title='bbox 1517 1563 1633 1642; x_wconf 84' lang='lat' dir='ltr'><strong>notavi,</strong></span> <span class='ocrx_word' id='word_1_56' title='bbox 1664 1566 1718 1632; x_wconf 91' lang='lat' dir='ltr'><strong>sed</strong></span> <span class='ocrx_word' id='word_1_57' title='bbox 1743 1570 1832 1636; x_wconf 86' lang='lat' dir='ltr'><strong>etiam</strong></span> 
     </span>
     <span class='ocr_line' id='line_1_8' title="bbox 615 1661 1834 1757; baseline 0.002 -25"><span class='ocrx_word' id='word_1_58' title='bbox 615 1667 655 1753; x_wconf 86' lang='lat' dir='ltr'><strong>(id</strong></span> <span class='ocrx_word' id='word_1_59' title='bbox 684 1667 770 1753; x_wconf 95' lang='lat' dir='ltr'><strong>quod</strong></span> <span class='ocrx_word' id='word_1_60' title='bbox 797 1666 957 1751; x_wconf 93' lang='lat' dir='ltr'><strong>hucusque</strong></span> <span class='ocrx_word' id='word_1_61' title='bbox 982 1664 1014 1729; x_wconf 91' lang='lat' dir='ltr'><strong>in</strong></span> <span class='ocrx_word' id='word_1_62' title='bbox 1040 1664 1104 1729; x_wconf 91' lang='lat' dir='ltr'><strong>sola</strong></span> <span class='ocrx_word' id='word_1_63' title='bbox 1129 1661 1481 1728; x_wconf 85' lang='lat' dir='ltr'><strong>editioneGronoviana</strong></span> <span class='ocrx_word' id='word_1_64' title='bbox 1505 1662 1697 1754; x_wconf 80' lang='lat' dir='ltr'><strong>factumest)</strong></span> <span class='ocrx_word' id='word_1_65' title='bbox 1723 1673 1834 1757; x_wconf 89' lang='lat' dir='ltr'><strong>capita:</strong></span> 
     </span>
     <span class='ocr_line' id='line_1_9' title="bbox 615 1764 1834 1853; baseline 0.005 -20"><span class='ocrx_word' id='word_1_66' title='bbox 615 1769 736 1853; x_wconf 89' lang='lat' dir='ltr'><strong>singula</strong></span> <span class='ocrx_word' id='word_1_67' title='bbox 757 1768 856 1853; x_wconf 92' lang='lat' dir='ltr'><strong>capita</strong></span> <span class='ocrx_word' id='word_1_68' title='bbox 880 1766 968 1832; x_wconf 86' lang='lat' dir='ltr'><strong>divisi</strong></span> <span class='ocrx_word' id='word_1_69' title='bbox 990 1766 1022 1830; x_wconf 92' lang='lat' dir='ltr'><strong>in</strong></span> <span class='ocrx_word' id='word_1_70' title='bbox 1042 1764 1261 1851; x_wconf 77' lang='lat' dir='ltr'><strong>paragraphus:</strong></span> <span class='ocrx_word' id='word_1_71' title='bbox 1292 1772 1433 1850; x_wconf 84' lang='lat' dir='ltr'><strong>excerpta</strong></span> <span class='ocrx_word' id='word_1_72' title='bbox 1456 1786 1473 1830; x_wconf 88' lang='lat' dir='ltr'><strong>e</strong></span> <span class='ocrx_word' id='word_1_73' title='bbox 1499 1765 1576 1831; x_wconf 91' lang='lat' dir='ltr'><strong>libro</strong></span> <span class='ocrx_word' id='word_1_74' title='bbox 1599 1767 1637 1832; x_wconf 87' lang='lat' dir='ltr'><strong>de</strong></span> <span class='ocrx_word' id='word_1_75' title='bbox 1657 1769 1834 1839; x_wconf 83' lang='lat' dir='ltr'><strong>differentiis</strong></span> 
     </span>
     <span class='ocr_line' id='line_1_10' title="bbox 615 1865 1833 1956; baseline 0.002 -21"><span class='ocrx_word' id='word_1_76' title='bbox 615 1879 646 1935; x_wconf 88' lang='lat' dir='ltr'><strong>et</strong></span> <span class='ocrx_word' id='word_1_77' title='bbox 665 1869 865 1935; x_wconf 83' lang='lat' dir='ltr'><strong>societatibus</strong></span> <span class='ocrx_word' id='word_1_78' title='bbox 887 1867 995 1934; x_wconf 89' lang='lat' dir='ltr'><strong>Graeci</strong></span> <span class='ocrx_word' id='word_1_79' title='bbox 1012 1867 1175 1952; x_wconf 86' lang='lat' dir='ltr'><strong>Latinique</strong></span> <span class='ocrx_word' id='word_1_80' title='bbox 1193 1865 1277 1932; x_wconf 86' lang='lat' dir='ltr'><strong>verbi</strong></span> <span class='ocrx_word' id='word_1_81' title='bbox 1298 1874 1329 1931; x_wconf 88' lang='lat' dir='ltr'><strong>et</strong></span> <span class='ocrx_word' id='word_1_82' title='bbox 1348 1866 1455 1931; x_wconf 89' lang='lat' dir='ltr'><strong>incerti</strong></span> <span class='ocrx_word' id='word_1_83' title='bbox 1477 1869 1611 1933; x_wconf 85' lang='lat' dir='ltr'><strong>auctoris</strong></span> <span class='ocrx_word' id='word_1_84' title='bbox 1633 1868 1833 1956; x_wconf 79' lang='lat' dir='ltr'><strong>fragmentum</strong></span> 
     </span>
     <span class='ocr_line' id='line_1_11' title="bbox 615 1967 1833 2061; baseline -0.004 -25"><span class='ocrx_word' id='word_1_85' title='bbox 615 1971 654 2036; x_wconf 91' lang='lat' dir='ltr'><strong>de</strong></span> <span class='ocrx_word' id='word_1_86' title='bbox 673 1972 769 2036; x_wconf 83' lang='lat' dir='ltr'><strong>verbo</strong></span> <span class='ocrx_word' id='word_1_87' title='bbox 788 1971 819 2035; x_wconf 93' lang='lat' dir='ltr'><strong>in</strong></span> <span class='ocrx_word' id='word_1_88' title='bbox 836 1970 934 2056; x_wconf 88' lang='lat' dir='ltr'><strong>capita</strong></span> <span class='ocrx_word' id='word_1_89' title='bbox 953 1977 985 2034; x_wconf 87' lang='lat' dir='ltr'><strong>et</strong></span> <span class='ocrx_word' id='word_1_90' title='bbox 1005 1969 1037 2033; x_wconf 92' lang='lat' dir='ltr'><strong>in</strong></span> <span class='ocrx_word' id='word_1_91' title='bbox 1053 1967 1270 2054; x_wconf 78' lang='lat' dir='ltr'><strong>paragraphus:</strong></span> <span class='ocrx_word' id='word_1_92' title='bbox 1290 1968 1362 2032; x_wconf 90' lang='lat' dir='ltr'><strong>huic</strong></span> <span class='ocrx_word' id='word_1_93' title='bbox 1383 1967 1486 2032; x_wconf 92' lang='lat' dir='ltr'><strong>addidi</strong></span> <span class='ocrx_word' id='word_1_94' title='bbox 1501 1970 1718 2039; x_wconf 71' lang='lat' dir='ltr'><strong>analectorum</strong></span> <span class='ocrx_word' id='word_1_95' title='bbox 1735 1998 1833 2061; x_wconf 73' lang='lat' dir='ltr'><strong>gram.</strong></span> 
     </span>
     <span class='ocr_line' id='line_1_12' title="bbox 615 2069 1835 2156; baseline 0.006 -19"><span class='ocrx_word' id='word_1_96' title='bbox 615 2073 798 2138; x_wconf 88' lang='lat' dir='ltr'><strong>maticorum</strong></span> <span class='ocrx_word' id='word_1_97' title='bbox 822 2078 853 2136; x_wconf 85' lang='lat' dir='ltr'><strong>et</strong></span> <span class='ocrx_word' id='word_1_98' title='bbox 874 2070 1078 2156; x_wconf 84' lang='lat' dir='ltr'><strong>paragraphus</strong></span> <span class='ocrx_word' id='word_1_99' title='bbox 1095 2078 1126 2135; x_wconf 92' lang='lat' dir='ltr'><strong>et</strong></span> <span class='ocrx_word' id='word_1_100' title='bbox 1142 2069 1277 2155; x_wconf 69' lang='lat' dir='ltr'><strong>paginas</strong></span> <span class='ocrx_word' id='word_1_101' title='bbox 1300 2069 1444 2154; x_wconf 89' lang='lat' dir='ltr'><strong>operibus</strong></span> <span class='ocrx_word' id='word_1_102' title='bbox 1465 2071 1668 2139; x_wconf 90' lang='lat' dir='ltr'><strong>Macrobiauis</strong></span> <span class='ocrx_word' id='word_1_103' title='bbox 1693 2077 1835 2144; x_wconf 88' lang='lat' dir='ltr'><strong>editionis</strong></span> 
     </span>
     <span class='ocr_line' id='line_1_13' title="bbox 614 2170 1835 2259; baseline 0.005 -20"><span class='ocrx_word' id='word_1_104' title='bbox 614 2174 799 2259; x_wconf 90' lang='lat' dir='ltr'><strong>Bipontinae</strong></span> <span class='ocrx_word' id='word_1_105' title='bbox 821 2171 954 2257; x_wconf 88' lang='lat' dir='ltr'><strong>paginas.</strong></span> <span class='ocrx_word' id='word_1_106' title='bbox 999 2171 1097 2237; x_wconf 80' lang='lat' dir='ltr'><strong>Alteri</strong></span> <span class='ocrx_word' id='word_1_107' title='bbox 1115 2170 1276 2248; x_wconf 78' lang='lat' dir='ltr'><strong>volumini,</strong></span> <span class='ocrx_word' id='word_1_108' title='bbox 1304 2170 1387 2255; x_wconf 89' lang='lat' dir='ltr'><strong>quod</strong></span> <span class='ocrx_word' id='word_1_109' title='bbox 1410 2170 1469 2234; x_wconf 93' lang='lat' dir='ltr'><strong>hoc</strong></span> <span class='ocrx_word' id='word_1_110' title='bbox 1491 2171 1558 2257; x_wconf 93' lang='lat' dir='ltr'><strong>ipso</strong></span> <span class='ocrx_word' id='word_1_111' title='bbox 1580 2193 1659 2238; x_wconf 92' lang='lat' dir='ltr'><strong>anno</strong></span> <span class='ocrx_word' id='word_1_112' title='bbox 1678 2198 1728 2241; x_wconf 92' lang='lat' dir='ltr'><strong>me</strong></span> <span class='ocrx_word' id='word_1_113' title='bbox 1746 2180 1835 2244; x_wconf 92' lang='lat' dir='ltr'><strong>abso·</strong></span> 
     </span>
     <span class='ocr_line' id='line_1_14' title="bbox 615 2270 1836 2364; baseline 0 -24"><span class='ocrx_word' id='word_1_114' title='bbox 615 2277 756 2341; x_wconf 93' lang='lat' dir='ltr'><strong>luturum</strong></span> <span class='ocrx_word' id='word_1_115' title='bbox 783 2295 850 2339; x_wconf 87' lang='lat' dir='ltr'><strong>esse</strong></span> <span class='ocrx_word' id='word_1_116' title='bbox 880 2293 983 2358; x_wconf 89' lang='lat' dir='ltr'><strong>spero,</strong></span> <span class='ocrx_word' id='word_1_117' title='bbox 1014 2273 1166 2338; x_wconf 88' lang='lat' dir='ltr'><strong>addentur</strong></span> <span class='ocrx_word' id='word_1_118' title='bbox 1195 2270 1346 2348; x_wconf 91' lang='lat' dir='ltr'><strong>indices,</strong></span> <span class='ocrx_word' id='word_1_119' title='bbox 1376 2291 1458 2335; x_wconf 93' lang='lat' dir='ltr'><strong>unus</strong></span> <span class='ocrx_word' id='word_1_120' title='bbox 1487 2272 1683 2357; x_wconf 93' lang='lat' dir='ltr'><strong>scriptorum,</strong></span> <span class='ocrx_word' id='word_1_121' title='bbox 1713 2277 1744 2340; x_wconf 93' lang='lat' dir='ltr'><strong>in</strong></span> <span class='ocrx_word' id='word_1_122' title='bbox 1773 2300 1836 2364; x_wconf 88' lang='lat' dir='ltr'><strong>quo</strong></span> 
     </span>
     <span class='ocr_line' id='line_1_15' title="bbox 616 2371 1836 2447; baseline 0.003 -5"><span class='ocrx_word' id='word_1_123' title='bbox 616 2377 805 2443; x_wconf 87' lang='lat' dir='ltr'><strong>enumerabo</strong></span> <span class='ocrx_word' id='word_1_124' title='bbox 836 2395 943 2439; x_wconf 91' lang='lat' dir='ltr'><strong>ornnes</strong></span> <span class='ocrx_word' id='word_1_125' title='bbox 974 2374 1058 2439; x_wconf 90' lang='lat' dir='ltr'><strong>locos</strong></span> <span class='ocrx_word' id='word_1_126' title='bbox 1085 2395 1103 2438; x_wconf 93' lang='lat' dir='ltr'><strong>a</strong></span> <span class='ocrx_word' id='word_1_127' title='bbox 1126 2371 1287 2438; x_wconf 90' lang='lat' dir='ltr'><strong>Macrobio</strong></span> <span class='ocrx_word' id='word_1_128' title='bbox 1310 2371 1418 2436; x_wconf 90' lang='lat' dir='ltr'><strong>citatos</strong></span> <span class='ocrx_word' id='word_1_129' title='bbox 1442 2379 1473 2437; x_wconf 94' lang='lat' dir='ltr'><strong>et</strong></span> <span class='ocrx_word' id='word_1_130' title='bbox 1498 2373 1644 2440; x_wconf 88' lang='lat' dir='ltr'><strong>disseram</strong></span> <span class='ocrx_word' id='word_1_131' title='bbox 1668 2377 1706 2443; x_wconf 91' lang='lat' dir='ltr'><strong>de</strong></span> <span class='ocrx_word' id='word_1_132' title='bbox 1735 2380 1836 2447; x_wconf 89' lang='lat' dir='ltr'><strong>minus</strong></span> 
     </span>
     <span class='ocr_line' id='line_1_16' title="bbox 618 2474 1835 2569; baseline 0.004 -25"><span class='ocrx_word' id='word_1_133' title='bbox 618 2478 749 2564; x_wconf 89' lang='lat' dir='ltr'><strong>cognitis</strong></span> <span class='ocrx_word' id='word_1_134' title='bbox 784 2475 998 2561; x_wconf 83' lang='lat' dir='ltr'><strong>scriptoribus,</strong></span> <span class='ocrx_word' id='word_1_135' title='bbox 1034 2474 1111 2540; x_wconf 92' lang='lat' dir='ltr'><strong>alter</strong></span> <span class='ocrx_word' id='word_1_136' title='bbox 1136 2494 1237 2539; x_wconf 91' lang='lat' dir='ltr'><strong>rerum</strong></span> <span class='ocrx_word' id='word_1_137' title='bbox 1264 2481 1295 2538; x_wconf 90' lang='lat' dir='ltr'><strong>et</strong></span> <span class='ocrx_word' id='word_1_138' title='bbox 1320 2475 1482 2540; x_wconf 83' lang='lat' dir='ltr'><strong>verborum</strong></span> <span class='ocrx_word' id='word_1_139' title='bbox 1516 2475 1668 2560; x_wconf 93' lang='lat' dir='ltr'><strong>prioribus</strong></span> <span class='ocrx_word' id='word_1_140' title='bbox 1702 2480 1835 2569; x_wconf 91' lang='lat' dir='ltr'><strong>locuple-</strong></span> 
     </span>
     <span class='ocr_line' id='line_1_17' title="bbox 617 2580 686 2645; baseline -0.014 0"><span class='ocrx_word' id='word_1_141' title='bbox 617 2580 686 2645; x_wconf 92' lang='lat' dir='ltr'><strong>tior.</strong></span> 
     </span>
    </p>
   </div>
   <div class='ocr_carea' id='block_1_4' title="bbox 620 2775 1838 2974">
    <p class='ocr_par' dir='ltr' id='par_1_4' title="bbox 620 2740 1838 2974">
     <span class='ocr_line' id='line_1_18' title="bbox 705 2775 1838 2870; baseline 0.004 -24"><span class='ocrx_word' id='word_1_142' title='bbox 705 2780 756 2846; x_wconf 77' lang='lat' dir='ltr'><strong>hd</strong></span> <span class='ocrx_word' id='word_1_143' title='bbox 779 2778 907 2846; x_wconf 81' lang='lat' dir='ltr'><strong>formam</strong></span> <span class='ocrx_word' id='word_1_144' title='bbox 931 2786 963 2845; x_wconf 89' lang='lat' dir='ltr'><strong>et</strong></span> <span class='ocrx_word' id='word_1_145' title='bbox 983 2777 1228 2865; x_wconf 90' lang='lat' dir='ltr'><strong>speciemhuius</strong></span> <span class='ocrx_word' id='word_1_146' title='bbox 1253 2775 1322 2842; x_wconf 94' lang='lat' dir='ltr'><strong>libri</strong></span> <span class='ocrx_word' id='word_1_147' title='bbox 1343 2776 1426 2862; x_wconf 91' lang='lat' dir='ltr'><strong>quod</strong></span> <span class='ocrx_word' id='word_1_148' title='bbox 1449 2778 1571 2859; x_wconf 86' lang='lat' dir='ltr'><strong>attinet,</strong></span> <span class='ocrx_word' id='word_1_149' title='bbox 1600 2782 1776 2870; x_wconf 89' lang='lat' dir='ltr'><strong>redemptor</strong></span> <span class='ocrx_word' id='word_1_150' title='bbox 1799 2808 1838 2853; x_wconf 82' lang='lat' dir='ltr'><strong>er</strong></span> 
     </span>
     <span class='ocr_line' id='line_1_19' title="bbox 620 2878 1838 2974; baseline 0.005 -26"><span class='ocrx_word' id='word_1_151' title='bbox 620 2883 727 2949; x_wconf 90' lang='lat' dir='ltr'><strong>eadem</strong></span> <span class='ocrx_word' id='word_1_152' title='bbox 749 2902 843 2967; x_wconf 90' lang='lat' dir='ltr'><strong>quarn</strong></span> <span class='ocrx_word' id='word_1_153' title='bbox 869 2901 961 2967; x_wconf 91' lang='lat' dir='ltr'><strong>supra</strong></span> <span class='ocrx_word' id='word_1_154' title='bbox 986 2878 1151 2945; x_wconf 81' lang='lat' dir='ltr'><strong>memoravi</strong></span> <span class='ocrx_word' id='word_1_155' title='bbox 1182 2898 1273 2942; x_wconf 92' lang='lat' dir='ltr'><strong>causa</strong></span> <span class='ocrx_word' id='word_1_156' title='bbox 1299 2898 1391 2963; x_wconf 84' lang='lat' dir='ltr'><strong>quam</strong></span> <span class='ocrx_word' id='word_1_157' title='bbox 1416 2880 1547 2946; x_wconf 85' lang='lat' dir='ltr'><strong>maxime</strong></span> <span class='ocrx_word' id='word_1_158' title='bbox 1572 2883 1670 2969; x_wconf 89' lang='lat' dir='ltr'><strong>spatio</strong></span> <span class='ocrx_word' id='word_1_159' title='bbox 1692 2888 1838 2974; x_wconf 91' lang='lat' dir='ltr'><strong>pepercit,</strong></span> 
     </span>
    </p>
   </div>
   <div class='ocr_carea' id='block_1_5' title="bbox 619 2978 1843 4383">
    <p class='ocr_par' dir='ltr' id='par_1_5' title="bbox 619 2978 1843 4383">
     <span class='ocr_line' id='line_1_20' title="bbox 620 2978 1837 3074; baseline -0.006 -24"><span class='ocrx_word' id='word_1_160' title='bbox 620 3007 683 3050; x_wconf 91' lang='lat' dir='ltr'><strong>non</strong></span> <span class='ocrx_word' id='word_1_161' title='bbox 703 2983 829 3049; x_wconf 92' lang='lat' dir='ltr'><strong>omnino</strong></span> <span class='ocrx_word' id='word_1_162' title='bbox 849 2990 953 3048; x_wconf 67' lang='lat' dir='ltr'><strong>umen</strong></span> <span class='ocrx_word' id='word_1_163' title='bbox 973 2982 1110 3067; x_wconf 91' lang='lat' dir='ltr'><strong>neglecta</strong></span> <span class='ocrx_word' id='word_1_164' title='bbox 1132 2979 1293 3065; x_wconf 89' lang='lat' dir='ltr'><strong>elegantia:</strong></span> <span class='ocrx_word' id='word_1_165' title='bbox 1323 3000 1385 3064; x_wconf 93' lang='lat' dir='ltr'><strong>quo</strong></span> <span class='ocrx_word' id='word_1_166' title='bbox 1407 2978 1519 3046; x_wconf 87' lang='lat' dir='ltr'><strong>lactum</strong></span> <span class='ocrx_word' id='word_1_167' title='bbox 1541 2990 1601 3063; x_wconf 91' lang='lat' dir='ltr'><strong>est,</strong></span> <span class='ocrx_word' id='word_1_168' title='bbox 1630 2992 1680 3064; x_wconf 91' lang='lat' dir='ltr'><strong>ut,</strong></span> <span class='ocrx_word' id='word_1_169' title='bbox 1709 2998 1837 3074; x_wconf 65' lang='lat' dir='ltr'><strong>quanta.</strong></span> 
     </span>
     <span class='ocr_line' id='line_1_21' title="bbox 620 3080 1840 3171; baseline 0.006 -20"><span class='ocrx_word' id='word_1_170' title='bbox 620 3106 755 3171; x_wconf 86' lang='lat' dir='ltr'><strong>cumque</strong></span> <span class='ocrx_word' id='word_1_171' title='bbox 779 3084 881 3149; x_wconf 89' lang='lat' dir='ltr'><strong>addita</strong></span> <span class='ocrx_word' id='word_1_172' title='bbox 911 3091 995 3161; x_wconf 87' lang='lat' dir='ltr'><strong>sunt,</strong></span> <span class='ocrx_word' id='word_1_173' title='bbox 1024 3083 1100 3147; x_wconf 92' lang='lat' dir='ltr'><strong>haec</strong></span> <span class='ocrx_word' id='word_1_174' title='bbox 1125 3081 1219 3146; x_wconf 91' lang='lat' dir='ltr'><strong>editio</strong></span> <span class='ocrx_word' id='word_1_175' title='bbox 1244 3080 1336 3167; x_wconf 89' lang='lat' dir='ltr'><strong>paulo</strong></span> <span class='ocrx_word' id='word_1_176' title='bbox 1359 3091 1482 3166; x_wconf 89' lang='lat' dir='ltr'><strong>superet</strong></span> <span class='ocrx_word' id='word_1_177' title='bbox 1506 3086 1683 3170; x_wconf 91' lang='lat' dir='ltr'><strong>paginarum</strong></span> <span class='ocrx_word' id='word_1_178' title='bbox 1710 3112 1840 3159; x_wconf 92' lang='lat' dir='ltr'><strong>numero</strong></span> 
     </span>
     <span class='ocr_line' id='line_1_22' title="bbox 619 3182 1839 3274; baseline 0.003 -21"><span class='ocrx_word' id='word_1_179' title='bbox 619 3187 827 3274; x_wconf 90' lang='lat' dir='ltr'><strong>Bipontinam.</strong></span> <span class='ocrx_word' id='word_1_180' title='bbox 859 3185 974 3251; x_wconf 88' lang='lat' dir='ltr'><strong>Menda</strong></span> <span class='ocrx_word' id='word_1_181' title='bbox 993 3184 1074 3250; x_wconf 93' lang='lat' dir='ltr'><strong>haud</strong></span> <span class='ocrx_word' id='word_1_182' title='bbox 1092 3183 1135 3249; x_wconf 86' lang='lat' dir='ltr'><strong>ita</strong></span> <span class='ocrx_word' id='word_1_183' title='bbox 1156 3182 1257 3268; x_wconf 84' lang='lat' dir='ltr'><strong>gravia</strong></span> <span class='ocrx_word' id='word_1_184' title='bbox 1279 3182 1413 3268; x_wconf 87' lang='lat' dir='ltr'><strong>quidem,</strong></span> <span class='ocrx_word' id='word_1_185' title='bbox 1431 3183 1484 3248; x_wconf 94' lang='lat' dir='ltr'><strong>sed</strong></span> <span class='ocrx_word' id='word_1_186' title='bbox 1506 3185 1702 3272; x_wconf 90' lang='lat' dir='ltr'><strong>pluraquam</strong></span> <span class='ocrx_word' id='word_1_187' title='bbox 1723 3191 1839 3271; x_wconf 88' lang='lat' dir='ltr'><strong>vellem,</strong></span> 
     </span>
     <span class='ocr_line' id='line_1_23' title="bbox 621 3284 1841 3376; baseline 0.002 -21"><span class='ocrx_word' id='word_1_188' title='bbox 621 3292 823 3376; x_wconf 90' lang='lat' dir='ltr'><strong>irrepserunt:</strong></span> <span class='ocrx_word' id='word_1_189' title='bbox 844 3287 931 3352; x_wconf 94' lang='lat' dir='ltr'><strong>cuius</strong></span> <span class='ocrx_word' id='word_1_190' title='bbox 949 3286 993 3351; x_wconf 92' lang='lat' dir='ltr'><strong>rei</strong></span> <span class='ocrx_word' id='word_1_191' title='bbox 1010 3287 1099 3372; x_wconf 91' lang='lat' dir='ltr'><strong>culpa</strong></span> <span class='ocrx_word' id='word_1_192' title='bbox 1118 3286 1183 3371; x_wconf 90' lang='lat' dir='ltr'><strong>ipse</strong></span> <span class='ocrx_word' id='word_1_193' title='bbox 1202 3284 1253 3349; x_wconf 94' lang='lat' dir='ltr'><strong>illo</strong></span> <span class='ocrx_word' id='word_1_194' title='bbox 1269 3305 1332 3348; x_wconf 94' lang='lat' dir='ltr'><strong>non</strong></span> <span class='ocrx_word' id='word_1_195' title='bbox 1351 3284 1452 3348; x_wconf 93' lang='lat' dir='ltr'><strong>minus</strong></span> <span class='ocrx_word' id='word_1_196' title='bbox 1468 3305 1600 3369; x_wconf 91' lang='lat' dir='ltr'><strong>premor,</strong></span> <span class='ocrx_word' id='word_1_197' title='bbox 1617 3309 1687 3353; x_wconf 93' lang='lat' dir='ltr'><strong>nam</strong></span> <span class='ocrx_word' id='word_1_198' title='bbox 1705 3291 1841 3375; x_wconf 81' lang='lat' dir='ltr'><strong>singulae</strong></span> 
     </span>
     <span class='ocr_line' id='line_1_24' title="bbox 621 3383 1840 3478; baseline 0.003 -23"><span class='ocrx_word' id='word_1_199' title='bbox 621 3391 764 3478; x_wconf 90' lang='lat' dir='ltr'><strong>plagulae</strong></span> <span class='ocrx_word' id='word_1_200' title='bbox 784 3396 855 3453; x_wconf 87' lang='lat' dir='ltr'><strong>ante</strong></span> <span class='ocrx_word' id='word_1_201' title='bbox 878 3408 968 3473; x_wconf 90' lang='lat' dir='ltr'><strong>quam</strong></span> <span class='ocrx_word' id='word_1_202' title='bbox 988 3387 1074 3473; x_wconf 91' lang='lat' dir='ltr'><strong>prelo</strong></span> <span class='ocrx_word' id='word_1_203' title='bbox 1095 3385 1319 3450; x_wconf 88' lang='lat' dir='ltr'><strong>subiicerentur</strong></span> <span class='ocrx_word' id='word_1_204' title='bbox 1338 3383 1376 3447; x_wconf 90' lang='lat' dir='ltr'><strong>ad</strong></span> <span class='ocrx_word' id='word_1_205' title='bbox 1396 3405 1445 3449; x_wconf 93' lang='lat' dir='ltr'><strong>me</strong></span> <span class='ocrx_word' id='word_1_206' title='bbox 1464 3386 1675 3468; x_wconf 90' lang='lat' dir='ltr'><strong>mittebantur,</strong></span> <span class='ocrx_word' id='word_1_207' title='bbox 1696 3392 1750 3457; x_wconf 88' lang='lat' dir='ltr'><strong>sed</strong></span> <span class='ocrx_word' id='word_1_208' title='bbox 1770 3415 1840 3459; x_wconf 91' lang='lat' dir='ltr'><strong>cum</strong></span> 
     </span>
     <span class='ocr_line' id='line_1_25' title="bbox 622 3484 1842 3579; baseline 0.004 -22"><span class='ocrx_word' id='word_1_209' title='bbox 622 3491 770 3558; x_wconf 93' lang='lat' dir='ltr'><strong>nonnulla</strong></span> <span class='ocrx_word' id='word_1_210' title='bbox 797 3488 888 3555; x_wconf 87' lang='lat' dir='ltr'><strong>etiam</strong></span> <span class='ocrx_word' id='word_1_211' title='bbox 913 3488 1004 3553; x_wconf 91' lang='lat' dir='ltr'><strong>iniis</strong></span> <span class='ocrx_word' id='word_1_212' title='bbox 1028 3508 1107 3573; x_wconf 91' lang='lat' dir='ltr'><strong>quae</strong></span> <span class='ocrx_word' id='word_1_213' title='bbox 1131 3494 1220 3551; x_wconf 90' lang='lat' dir='ltr'><strong>antea</strong></span> <span class='ocrx_word' id='word_1_214' title='bbox 1245 3484 1424 3569; x_wconf 83' lang='lat' dir='ltr'><strong>scripseram</strong></span> <span class='ocrx_word' id='word_1_215' title='bbox 1456 3488 1585 3554; x_wconf 91' lang='lat' dir='ltr'><strong>solerem</strong></span> <span class='ocrx_word' id='word_1_216' title='bbox 1616 3493 1779 3579; x_wconf 90' lang='lat' dir='ltr'><strong>corrigere,</strong></span> <span class='ocrx_word' id='word_1_217' title='bbox 1810 3504 1842 3562; x_wconf 90' lang='lat' dir='ltr'><strong>et</strong></span> 
     </span>
     <span class='ocr_line' id='line_1_26' title="bbox 622 3587 1841 3681; baseline 0.003 -22"><span class='ocrx_word' id='word_1_218' title='bbox 622 3594 692 3681; x_wconf 94' lang='lat' dir='ltr'><strong>plus</strong></span> <span class='ocrx_word' id='word_1_219' title='bbox 712 3591 806 3658; x_wconf 91' lang='lat' dir='ltr'><strong>semel</strong></span> <span class='ocrx_word' id='word_1_220' title='bbox 826 3598 912 3655; x_wconf 93' lang='lat' dir='ltr'><strong>tanto</strong></span> <span class='ocrx_word' id='word_1_221' title='bbox 933 3590 1071 3655; x_wconf 92' lang='lat' dir='ltr'><strong>locorum</strong></span> <span class='ocrx_word' id='word_1_222' title='bbox 1090 3588 1245 3654; x_wconf 88' lang='lat' dir='ltr'><strong>intervallo</strong></span> <span class='ocrx_word' id='word_1_223' title='bbox 1264 3587 1402 3673; x_wconf 89' lang='lat' dir='ltr'><strong>plagulae</strong></span> <span class='ocrx_word' id='word_1_224' title='bbox 1422 3588 1501 3654; x_wconf 91' lang='lat' dir='ltr'><strong>mitti</strong></span> <span class='ocrx_word' id='word_1_225' title='bbox 1520 3613 1582 3656; x_wconf 89' lang='lat' dir='ltr'><strong>non</strong></span> <span class='ocrx_word' id='word_1_226' title='bbox 1598 3603 1733 3680; x_wconf 93' lang='lat' dir='ltr'><strong>possent,</strong></span> <span class='ocrx_word' id='word_1_227' title='bbox 1755 3596 1841 3663; x_wconf 90' lang='lat' dir='ltr'><strong>lacile</strong></span> 
     </span>
     <span class='ocr_line' id='line_1_27' title="bbox 623 3690 1840 3786; baseline 0.002 -25"><span class='ocrx_word' id='word_1_228' title='bbox 623 3695 690 3761; x_wconf 89' lang='lat' dir='ltr'><strong>lieri</strong></span> <span class='ocrx_word' id='word_1_229' title='bbox 711 3700 841 3780; x_wconf 91' lang='lat' dir='ltr'><strong>poterat,</strong></span> <span class='ocrx_word' id='word_1_230' title='bbox 861 3699 899 3756; x_wconf 86' lang='lat' dir='ltr'><strong>ul</strong></span> <span class='ocrx_word' id='word_1_231' title='bbox 916 3713 954 3756; x_wconf 83' lang='lat' dir='ltr'><strong>er</strong></span> <span class='ocrx_word' id='word_1_232' title='bbox 968 3691 1034 3778; x_wconf 91' lang='lat' dir='ltr'><strong>ipsa</strong></span> <span class='ocrx_word' id='word_1_233' title='bbox 1051 3697 1224 3756; x_wconf 88' lang='lat' dir='ltr'><strong>correctura</strong></span> <span class='ocrx_word' id='word_1_234' title='bbox 1244 3709 1323 3754; x_wconf 78' lang='lat' dir='ltr'><strong>nura</strong></span> <span class='ocrx_word' id='word_1_235' title='bbox 1343 3690 1495 3757; x_wconf 88' lang='lat' dir='ltr'><strong>orirentur</strong></span> <span class='ocrx_word' id='word_1_236' title='bbox 1512 3702 1619 3759; x_wconf 89' lang='lat' dir='ltr'><strong>errata.</strong></span> <span class='ocrx_word' id='word_1_237' title='bbox 1664 3696 1754 3776; x_wconf 88' lang='lat' dir='ltr'><strong>Quae</strong></span> <span class='ocrx_word' id='word_1_238' title='bbox 1772 3720 1840 3786; x_wconf 91' lang='lat' dir='ltr'><strong>rep-</strong></span> 
     </span>
     <span class='ocr_line' id='line_1_28' title="bbox 623 3790 1841 3886; baseline 0 -23"><span class='ocrx_word' id='word_1_239' title='bbox 623 3797 703 3883; x_wconf 87' lang='lat' dir='ltr'><strong>peri,</strong></span> <span class='ocrx_word' id='word_1_240' title='bbox 725 3796 757 3860; x_wconf 92' lang='lat' dir='ltr'><strong>in</strong></span> <span class='ocrx_word' id='word_1_241' title='bbox 777 3792 973 3878; x_wconf 88' lang='lat' dir='ltr'><strong>Corrigendis</strong></span> <span class='ocrx_word' id='word_1_242' title='bbox 996 3792 1165 3859; x_wconf 80' lang='lat' dir='ltr'><strong>emendavi:</strong></span> <span class='ocrx_word' id='word_1_243' title='bbox 1195 3790 1262 3867; x_wconf 88' lang='lat' dir='ltr'><strong>sed,</strong></span> <span class='ocrx_word' id='word_1_244' title='bbox 1285 3790 1310 3854; x_wconf 89' lang='lat' dir='ltr'><strong>si</strong></span> <span class='ocrx_word' id='word_1_245' title='bbox 1332 3811 1393 3876; x_wconf 91' lang='lat' dir='ltr'><strong>qua</strong></span> <span class='ocrx_word' id='word_1_246' title='bbox 1416 3790 1494 3857; x_wconf 90' lang='lat' dir='ltr'><strong>lurte</strong></span> <span class='ocrx_word' id='word_1_247' title='bbox 1516 3798 1716 3862; x_wconf 91' lang='lat' dir='ltr'><strong>remanserint</strong></span> <span class='ocrx_word' id='word_1_248' title='bbox 1736 3799 1768 3863; x_wconf 93' lang='lat' dir='ltr'><strong>in</strong></span> <span class='ocrx_word' id='word_1_249' title='bbox 1789 3822 1841 3886; x_wconf 92' lang='lat' dir='ltr'><strong>ap-</strong></span> 
     </span>
     <span class='ocr_line' id='line_1_29' title="bbox 624 3892 1841 3984; baseline 0.002 -21"><span class='ocrx_word' id='word_1_250' title='bbox 624 3905 733 3984; x_wconf 91' lang='lat' dir='ltr'><strong>paratu</strong></span> <span class='ocrx_word' id='word_1_251' title='bbox 754 3895 875 3971; x_wconf 92' lang='lat' dir='ltr'><strong>critico,</strong></span> <span class='ocrx_word' id='word_1_252' title='bbox 894 3915 933 3959; x_wconf 93' lang='lat' dir='ltr'><strong>ne</strong></span> <span class='ocrx_word' id='word_1_253' title='bbox 954 3894 1023 3980; x_wconf 91' lang='lat' dir='ltr'><strong>quis</strong></span> <span class='ocrx_word' id='word_1_254' title='bbox 1044 3901 1149 3978; x_wconf 89' lang='lat' dir='ltr'><strong>postea</strong></span> <span class='ocrx_word' id='word_1_255' title='bbox 1170 3913 1307 3977; x_wconf 90' lang='lat' dir='ltr'><strong>unquam</strong></span> <span class='ocrx_word' id='word_1_256' title='bbox 1327 3892 1365 3957; x_wconf 91' lang='lat' dir='ltr'><strong>ad</strong></span> <span class='ocrx_word' id='word_1_257' title='bbox 1385 3893 1577 3960; x_wconf 88' lang='lat' dir='ltr'><strong>Macrobium</strong></span> <span class='ocrx_word' id='word_1_258' title='bbox 1596 3900 1841 3982; x_wconf 90' lang='lat' dir='ltr'><strong>pertractandum</strong></span> 
     </span>
     <span class='ocr_line' id='line_1_30' title="bbox 624 3993 1843 4081; baseline 0 -16"><span class='ocrx_word' id='word_1_259' title='bbox 624 3999 671 4066; x_wconf 80' lang='lat' dir='ltr'><strong>vel</strong></span> <span class='ocrx_word' id='word_1_260' title='bbox 693 3995 917 4062; x_wconf 89' lang='lat' dir='ltr'><strong>emendandum</strong></span> <span class='ocrx_word' id='word_1_261' title='bbox 938 4014 1097 4079; x_wconf 90' lang='lat' dir='ltr'><strong>aggressus</strong></span> <span class='ocrx_word' id='word_1_262' title='bbox 1118 3993 1243 4059; x_wconf 87' lang='lat' dir='ltr'><strong>haereat</strong></span> <span class='ocrx_word' id='word_1_263' title='bbox 1266 3994 1442 4078; x_wconf 88' lang='lat' dir='ltr'><strong>ambiguus,</strong></span> <span class='ocrx_word' id='word_1_264' title='bbox 1472 4017 1685 4081; x_wconf 90' lang='lat' dir='ltr'><strong>quaecumque</strong></span> <span class='ocrx_word' id='word_1_265' title='bbox 1706 4000 1804 4065; x_wconf 91' lang='lat' dir='ltr'><strong>habeo</strong></span> <span class='ocrx_word' id='word_1_266' title='bbox 1825 4022 1843 4065; x_wconf 93' lang='lat' dir='ltr'><strong>e</strong></span> 
     </span>
     <span class='ocr_line' id='line_1_31' title="bbox 624 4094 1842 4181; baseline -0.001 -16"><span class='ocrx_word' id='word_1_267' title='bbox 624 4098 784 4165; x_wconf 87' lang='lat' dir='ltr'><strong>codicibus</strong></span> <span class='ocrx_word' id='word_1_268' title='bbox 806 4094 1020 4181; x_wconf 89' lang='lat' dir='ltr'><strong>manuscriptis</strong></span> <span class='ocrx_word' id='word_1_269' title='bbox 1044 4104 1185 4181; x_wconf 84' lang='lat' dir='ltr'><strong>excerpta</strong></span> <span class='ocrx_word' id='word_1_270' title='bbox 1211 4116 1281 4160; x_wconf 92' lang='lat' dir='ltr'><strong>cum</strong></span> <span class='ocrx_word' id='word_1_271' title='bbox 1307 4095 1450 4160; x_wconf 89' lang='lat' dir='ltr'><strong>omnibus</strong></span> <span class='ocrx_word' id='word_1_272' title='bbox 1476 4117 1552 4181; x_wconf 93' lang='lat' dir='ltr'><strong>quas</strong></span> <span class='ocrx_word' id='word_1_273' title='bbox 1579 4097 1677 4161; x_wconf 91' lang='lat' dir='ltr'><strong>coemi</strong></span> <span class='ocrx_word' id='word_1_274' title='bbox 1702 4099 1842 4164; x_wconf 90' lang='lat' dir='ltr'><strong>editioni-</strong></span> 
     </span>
     <span class='ocr_line' id='line_1_32' title="bbox 624 4187 1843 4288; baseline 0.001 -22"><span class='ocrx_word' id='word_1_275' title='bbox 624 4201 684 4266; x_wconf 91' lang='lat' dir='ltr'><strong>bus</strong></span> <span class='ocrx_word' id='word_1_276' title='bbox 707 4199 738 4262; x_wconf 92' lang='lat' dir='ltr'><strong>in</strong></span> <span class='ocrx_word' id='word_1_277' title='bbox 760 4196 907 4282; x_wconf 81' lang='lat' dir='ltr'><strong>gymnasii</strong></span> <span class='ocrx_word' id='word_1_278' title='bbox 927 4187 1139 4273; x_wconf 83' lang='lat' dir='ltr'><strong>Ludoviciani,</strong></span> <span class='ocrx_word' id='word_1_279' title='bbox 1155 4195 1240 4281; x_wconf 95' lang='lat' dir='ltr'><strong>quod</strong></span> <span class='ocrx_word' id='word_1_280' title='bbox 1263 4203 1310 4261; x_wconf 90' lang='lat' dir='ltr'><strong>est</strong></span> <span class='ocrx_word' id='word_1_281' title='bbox 1334 4194 1522 4275; x_wconf 84' lang='lat' dir='ltr'><strong>Suevolurti,</strong></span> <span class='ocrx_word' id='word_1_282' title='bbox 1544 4197 1728 4265; x_wconf 89' lang='lat' dir='ltr'><strong>bibliotheca</strong></span> <span class='ocrx_word' id='word_1_283' title='bbox 1750 4199 1843 4288; x_wconf 86' lang='lat' dir='ltr'><strong>depu-</strong></span> 
     </span>
     <span class='ocr_line' id='line_1_33' title="bbox 624 4298 1233 4383; baseline -0.007 -17"><span class='ocrx_word' id='word_1_284' title='bbox 624 4322 698 4366; x_wconf 89' lang='lat' dir='ltr'><strong>nam</strong></span> <span class='ocrx_word' id='word_1_285' title='bbox 720 4298 902 4383; x_wconf 90' lang='lat' dir='ltr'><strong>cuicumque</strong></span> <span class='ocrx_word' id='word_1_286' title='bbox 922 4298 1057 4383; x_wconf 89' lang='lat' dir='ltr'><strong>petituro</strong></span> <span class='ocrx_word' id='word_1_287' title='bbox 1078 4298 1233 4363; x_wconf 89' lang='lat' dir='ltr'><strong>mittenda.</strong></span> 
     </span>
    </p>
   </div>
   <div class='ocr_carea' id='block_1_6' title="bbox 625 4498 1847 5193">
    <p class='ocr_par' dir='ltr' id='par_1_6' title="bbox 625 4498 1847 5193">
     <span class='ocr_line' id='line_1_34' title="bbox 713 4498 1845 4586; baseline 0 -19"><span class='ocrx_word' id='word_1_288' title='bbox 713 4500 756 4567; x_wconf 92' lang='lat' dir='ltr'><strong>Ut</strong></span> <span class='ocrx_word' id='word_1_289' title='bbox 785 4506 887 4563; x_wconf 88' lang='lat' dir='ltr'><strong>autern</strong></span> <span class='ocrx_word' id='word_1_290' title='bbox 917 4500 1062 4565; x_wconf 91' lang='lat' dir='ltr'><strong>nonnulla</strong></span> <span class='ocrx_word' id='word_1_291' title='bbox 1097 4498 1275 4585; x_wconf 92' lang='lat' dir='ltr'><strong>deliquisse,</strong></span> <span class='ocrx_word' id='word_1_292' title='bbox 1310 4499 1352 4563; x_wconf 92' lang='lat' dir='ltr'><strong>ita</strong></span> <span class='ocrx_word' id='word_1_293' title='bbox 1383 4499 1479 4564; x_wconf 91' lang='lat' dir='ltr'><strong>multa</strong></span> <span class='ocrx_word' id='word_1_294' title='bbox 1512 4500 1671 4586; x_wconf 91' lang='lat' dir='ltr'><strong>reliquisse</strong></span> <span class='ocrx_word' id='word_1_295' title='bbox 1702 4523 1752 4566; x_wconf 87' lang='lat' dir='ltr'><strong>mo</strong></span> <span class='ocrx_word' id='word_1_296' title='bbox 1782 4525 1845 4569; x_wconf 92' lang='lat' dir='ltr'><strong>non</strong></span> 
     </span>
     <span class='ocr_line' id='line_1_35' title="bbox 625 4600 1845 4689; baseline 0 -21"><span class='ocrx_word' id='word_1_297' title='bbox 625 4604 744 4689; x_wconf 90' lang='lat' dir='ltr'><strong>ignoro.</strong></span> <span class='ocrx_word' id='word_1_298' title='bbox 791 4600 854 4680; x_wconf 88' lang='lat' dir='ltr'><strong>Qui</strong></span> <span class='ocrx_word' id='word_1_299' title='bbox 879 4620 951 4666; x_wconf 87' lang='lat' dir='ltr'><strong>vero</strong></span> <span class='ocrx_word' id='word_1_300' title='bbox 977 4601 1015 4665; x_wconf 94' lang='lat' dir='ltr'><strong>de</strong></span> <span class='ocrx_word' id='word_1_301' title='bbox 1042 4600 1101 4665; x_wconf 92' lang='lat' dir='ltr'><strong>hoc</strong></span> <span class='ocrx_word' id='word_1_302' title='bbox 1126 4621 1196 4666; x_wconf 93' lang='lat' dir='ltr'><strong>meo</strong></span> <span class='ocrx_word' id='word_1_303' title='bbox 1221 4619 1313 4686; x_wconf 93' lang='lat' dir='ltr'><strong>opere</strong></span> <span class='ocrx_word' id='word_1_304' title='bbox 1340 4600 1555 4687; x_wconf 91' lang='lat' dir='ltr'><strong>qualicumque</strong></span> <span class='ocrx_word' id='word_1_305' title='bbox 1577 4610 1648 4667; x_wconf 89' lang='lat' dir='ltr'><strong>sunt</strong></span> <span class='ocrx_word' id='word_1_306' title='bbox 1673 4603 1845 4682; x_wconf 91' lang='lat' dir='ltr'><strong>iudicaturi,</strong></span> 
     </span>
     <span class='ocr_line' id='line_1_36' title="bbox 628 4701 1846 4792; baseline 0.002 -23"><span class='ocrx_word' id='word_1_307' title='bbox 628 4725 681 4769; x_wconf 89' lang='lat' dir='ltr'><strong>eos</strong></span> <span class='ocrx_word' id='word_1_308' title='bbox 699 4702 791 4769; x_wconf 88' lang='lat' dir='ltr'><strong>velim</strong></span> <span class='ocrx_word' id='word_1_309' title='bbox 811 4709 949 4787; x_wconf 92' lang='lat' dir='ltr'><strong>rogatos,</strong></span> <span class='ocrx_word' id='word_1_310' title='bbox 972 4710 1009 4767; x_wconf 90' lang='lat' dir='ltr'><strong>ut</strong></span> <span class='ocrx_word' id='word_1_311' title='bbox 1028 4723 1091 4767; x_wconf 93' lang='lat' dir='ltr'><strong>non</strong></span> <span class='ocrx_word' id='word_1_312' title='bbox 1109 4701 1149 4766; x_wconf 92' lang='lat' dir='ltr'><strong>ad</strong></span> <span class='ocrx_word' id='word_1_313' title='bbox 1169 4701 1219 4766; x_wconf 88' lang='lat' dir='ltr'><strong>illa</strong></span> <span class='ocrx_word' id='word_1_314' title='bbox 1239 4708 1358 4766; x_wconf 90' lang='lat' dir='ltr'><strong>tantum</strong></span> <span class='ocrx_word' id='word_1_315' title='bbox 1380 4704 1556 4789; x_wconf 88' lang='lat' dir='ltr'><strong>respiciant,</strong></span> <span class='ocrx_word' id='word_1_316' title='bbox 1581 4704 1633 4769; x_wconf 89' lang='lat' dir='ltr'><strong>sed</strong></span> <span class='ocrx_word' id='word_1_317' title='bbox 1656 4704 1748 4770; x_wconf 86' lang='lat' dir='ltr'><strong>etiam</strong></span> <span class='ocrx_word' id='word_1_318' title='bbox 1771 4706 1846 4792; x_wconf 93' lang='lat' dir='ltr'><strong>quid</strong></span> 
     </span>
     <span class='ocr_line' id='line_1_37' title="bbox 627 4802 1845 4891; baseline 0.001 -21"><span class='ocrx_word' id='word_1_319' title='bbox 627 4805 742 4891; x_wconf 89' lang='lat' dir='ltr'><strong>egerim</strong></span> <span class='ocrx_word' id='word_1_320' title='bbox 764 4809 943 4889; x_wconf 89' lang='lat' dir='ltr'><strong>agnoscant:</strong></span> <span class='ocrx_word' id='word_1_321' title='bbox 961 4810 1055 4889; x_wconf 89' lang='lat' dir='ltr'><strong>atque</strong></span> <span class='ocrx_word' id='word_1_322' title='bbox 1075 4810 1217 4868; x_wconf 86' lang='lat' dir='ltr'><strong>accurate</strong></span> <span class='ocrx_word' id='word_1_323' title='bbox 1238 4802 1341 4868; x_wconf 92' lang='lat' dir='ltr'><strong>omnia</strong></span> <span class='ocrx_word' id='word_1_324' title='bbox 1363 4805 1544 4890; x_wconf 90' lang='lat' dir='ltr'><strong>perscrutati</strong></span> <span class='ocrx_word' id='word_1_325' title='bbox 1565 4804 1624 4869; x_wconf 90' lang='lat' dir='ltr'><strong>hoc</strong></span> <span class='ocrx_word' id='word_1_326' title='bbox 1642 4805 1717 4870; x_wconf 92' lang='lat' dir='ltr'><strong>mihi</strong></span> <span class='ocrx_word' id='word_1_327' title='bbox 1736 4828 1845 4871; x_wconf 88' lang='lat' dir='ltr'><strong>conce-</strong></span> 
     </span>
     <span class='ocr_line' id='line_1_38' title="bbox 627 4903 1846 4992; baseline -0.002 -20"><span class='ocrx_word' id='word_1_328' title='bbox 627 4907 714 4986; x_wconf 90' lang='lat' dir='ltr'><strong>dent,</strong></span> <span class='ocrx_word' id='word_1_329' title='bbox 749 4924 963 4992; x_wconf 88' lang='lat' dir='ltr'><strong>quaecumque</strong></span> <span class='ocrx_word' id='word_1_330' title='bbox 993 4904 1025 4968; x_wconf 93' lang='lat' dir='ltr'><strong>in</strong></span> <span class='ocrx_word' id='word_1_331' title='bbox 1051 4903 1204 4991; x_wconf 89' lang='lat' dir='ltr'><strong>prioribus</strong></span> <span class='ocrx_word' id='word_1_332' title='bbox 1230 4904 1373 4969; x_wconf 89' lang='lat' dir='ltr'><strong>omnibus</strong></span> <span class='ocrx_word' id='word_1_333' title='bbox 1399 4906 1583 4971; x_wconf 89' lang='lat' dir='ltr'><strong>editionibus</strong></span> <span class='ocrx_word' id='word_1_334' title='bbox 1609 4906 1749 4992; x_wconf 91' lang='lat' dir='ltr'><strong>legantur</strong></span> <span class='ocrx_word' id='word_1_335' title='bbox 1778 4926 1846 4992; x_wconf 91' lang='lat' dir='ltr'><strong>per-</strong></span> 
     </span>
     <span class='ocr_line' id='line_1_39' title="bbox 627 5005 1846 5091; baseline -0.003 -18"><span class='ocrx_word' id='word_1_336' title='bbox 627 5007 756 5073; x_wconf 90' lang='lat' dir='ltr'><strong>tinentia</strong></span> <span class='ocrx_word' id='word_1_337' title='bbox 789 5006 828 5070; x_wconf 89' lang='lat' dir='ltr'><strong>ad</strong></span> <span class='ocrx_word' id='word_1_338' title='bbox 863 5005 1054 5070; x_wconf 84' lang='lat' dir='ltr'><strong>Macrobium</strong></span> <span class='ocrx_word' id='word_1_339' title='bbox 1092 5006 1171 5091; x_wconf 84' lang='lat' dir='ltr'><strong>(nam</strong></span> <span class='ocrx_word' id='word_1_340' title='bbox 1206 5026 1286 5090; x_wconf 88' lang='lat' dir='ltr'><strong>quae</strong></span> <span class='ocrx_word' id='word_1_341' title='bbox 1319 5005 1369 5069; x_wconf 91' lang='lat' dir='ltr'><strong>alii</strong></span> <span class='ocrx_word' id='word_1_342' title='bbox 1409 5007 1657 5072; x_wconf 90' lang='lat' dir='ltr'><strong>adnotationibus</strong></span> <span class='ocrx_word' id='word_1_343' title='bbox 1697 5008 1760 5072; x_wconf 94' lang='lat' dir='ltr'><strong>suis</strong></span> <span class='ocrx_word' id='word_1_344' title='bbox 1801 5007 1846 5069; x_wconf 92' lang='lat' dir='ltr'><strong>in-</strong></span> 
     </span>
     <span class='ocr_line' id='line_1_40' title="bbox 628 5104 1847 5193; baseline -0.005 -20"><span class='ocrx_word' id='word_1_345' title='bbox 628 5115 793 5175; x_wconf 88' lang='lat' dir='ltr'><strong>seruenmt</strong></span> <span class='ocrx_word' id='word_1_346' title='bbox 814 5106 926 5183; x_wconf 89' lang='lat' dir='ltr'><strong>aliena,</strong></span> <span class='ocrx_word' id='word_1_347' title='bbox 955 5127 991 5172; x_wconf 90' lang='lat' dir='ltr'><strong>ea</strong></span> <span class='ocrx_word' id='word_1_348' title='bbox 1016 5106 1156 5174; x_wconf 89' lang='lat' dir='ltr'><strong>consulto</strong></span> <span class='ocrx_word' id='word_1_349' title='bbox 1180 5105 1280 5191; x_wconf 78' lang='lat' dir='ltr'><strong>omisi)</strong></span> <span class='ocrx_word' id='word_1_350' title='bbox 1307 5113 1338 5170; x_wconf 88' lang='lat' dir='ltr'><strong>et</strong></span> <span class='ocrx_word' id='word_1_351' title='bbox 1365 5106 1422 5172; x_wconf 91' lang='lat' dir='ltr'><strong>alia</strong></span> <span class='ocrx_word' id='word_1_352' title='bbox 1444 5116 1599 5193; x_wconf 89' lang='lat' dir='ltr'><strong>praeterea</strong></span> <span class='ocrx_word' id='word_1_353' title='bbox 1625 5108 1706 5172; x_wconf 91' lang='lat' dir='ltr'><strong>haud</strong></span> <span class='ocrx_word' id='word_1_354' title='bbox 1730 5104 1847 5169; x_wconf 86' lang='lat' dir='ltr'><strong>inutilia</strong></span> 
     </span>
    </p>
   </div>
   <div class='ocr_carea' id='block_1_7' title="bbox 0 0 2574 6420">
    <p class='ocr_par' dir='ltr' id='par_1_7' title="bbox 0 0 2574 6420">
     <span class='ocr_line' id='line_1_41' title="bbox 0 0 2574 6420; baseline 0 0"><span class='ocrx_word' id='word_1_355' title='bbox 0 0 2574 6420; x_wconf 95' lang='lat' dir='ltr'><strong> </strong></span> 
     </span>
    </p>
   </div>
  </div>
 </body>
</html>
