5092 6425
1967 774 1972 887 l

686 875 726 941 m
1168 874 1376 942 monebu
1623 892 1632 905 ,
1968 896 1976 977 p

686 1046 787 1113 stitiae
810 1044 909 1120 dedit,
941 1044 1262 1130 docuitqueanimam
1283 1053 1353 1129 post
1374 1044 1486 1109 animal
1510 1065 1573 1109 non
1592 1047 1710 1132 perire,
1744 1070 1800 1136 per
1818 1053 1854 1117 il·
1972 1058 1974 1129 l

687 1132 747 1197 lam
769 1130 893 1195 demum
915 1128 1047 1194 fabulam
1070 1129 1128 1206 (sic
1147 1129 1229 1193 enim
1252 1129 1377 1215 quidam
1399 1136 1541 1207 vocant),
1565 1122 1638 1215 ‘quo
1660 1133 1764 1199 anima
1785 1146 1855 1221 post

687 1235 799 1301 corpus
821 1214 929 1279 evadat
948 1214 996 1278 vel
1015 1213 1097 1277 unde
1118 1214 1156 1277 ad
1177 1233 1289 1298 corpus
1307 1213 1425 1291 veniat,
1452 1215 1484 1278 in
1505 1213 1566 1278 line
1584 1217 1687 1300 operis
1709 1219 1854 1296 adseruit,

686 1308 724 1366 ut
755 1299 889 1364 iustitiae
922 1297 970 1362 vel
1004 1297 1103 1362 cultae
1134 1300 1304 1382 praemium
1339 1298 1386 1363 vel
1425 1305 1546 1384 spretae
1580 1320 1712 1384 poenam
1744 1306 1854 1371 animis

590 1447 593 1457 ,
657 1385 801 1483 8quippe
821 1381 1033 1447 inmortalibus
1050 1381 1259 1468 subiturisque
1277 1381 1424 1447 iudicium
1442 1383 1555 1449 servari
1577 1385 1710 1451 doceret
1764 1390 1855 1455 Hunc

686 1470 826 1536 ordinem
848 1467 967 1531 Tullius
989 1487 1051 1531 non
1074 1466 1192 1531 minore
1219 1467 1332 1533 iudicio
1354 1488 1513 1532 reservans
1539 1488 1631 1554 quam
1660 1472 1785 1556 ingenio
1807 1496 1854 1540 re-

686 1562 792 1642 pertus
814 1559 875 1616 est:
913 1558 1074 1636 postquam
1099 1551 1236 1616 inomni
1259 1552 1304 1618 rei
1327 1551 1467 1637 publicae
1488 1553 1552 1618 otio
1579 1575 1614 1619 ac
1643 1558 1767 1642 negotio
1789 1560 1853 1644 pal·
1911 1617 1915 1621 .

686 1660 767 1705 mam
796 1635 930 1701 iustitiae
961 1636 1146 1721 disputando
1174 1637 1273 1713 dedit,
1311 1656 1410 1701 sacras
1435 1638 1649 1710 inmortalium
1681 1643 1853 1709 animarum

685 1725 773 1790 sedes
795 1729 826 1785 et
848 1721 1023 1785 caelestium
1052 1721 1183 1786 archana
1211 1723 1372 1807 regionum
1395 1721 1426 1785 in
1456 1722 1523 1820 ipso
1552 1727 1755 1791 consummati
1779 1750 1853 1815 ope-

686 1809 729 1875 ris
750 1806 869 1890 fastigio
889 1806 1013 1884 locavit,
1040 1805 1177 1871 indicans
1199 1828 1261 1904 quo
1284 1806 1332 1870 his
1353 1808 1594 1890 perveniendum
1613 1812 1659 1874 vel
1683 1808 1786 1896 potiris
1805 1835 1853 1878 re-

686 1892 868 1961 vertendum
891 1891 931 1955 sit
956 1891 1010 1990 qui
1033 1913 1099 1956 rem
1126 1891 1280 1976 publicam
1303 1912 1372 1955 cum
1400 1893 1563 1989 prudentia
1589 1894 1706 1960 iustitia
1733 1896 1853 1964 sortitu-

657 1981 758 2051 tldine
776 1999 810 2043 ac
827 1977 1036 2041 moderatione
1055 1976 1259 2042 tractaverint.
1317 1975 1378 2040 Sed
1399 1976 1449 2040 dle
1467 1977 1643 2044 Platonicus
1664 1991 1853 2048 secretorum

686 2066 801 2130 relator
819 2063 864 2127 Er
884 2062 1008 2146 quidam
1030 2062 1155 2126 nomine
1173 2061 1245 2138 fuit,
1266 2061 1391 2126 natione
1410 2061 1612 2147 Pamphylus‚
1634 2065 1722 2130 miles
1743 2067 1852 2144 officio,

731 2150 741 2214 i
773 2168 842 2213 cum
874 2147 1052 2212 vulneribus
1086 2146 1117 2211 in
1148 2146 1263 2231 praelio
1295 2146 1426 2231 acceptis
1456 2147 1549 2213 vitam
1588 2149 1732 2214 effudisse
1769 2153 1852 2218 visus

707 2233 867 2301 uodecimo
889 2232 1013 2296 demum
1036 2231 1085 2295 die
1107 2231 1188 2295 inter
1212 2238 1329 2296 ceteros
1350 2252 1413 2295 una
1434 2240 1609 2318 peremptos
1633 2235 1744 2301 ultimo
1772 2246 1853 2303 esset

649 2319 884 2410 [aphonorandus
906 2317 991 2402 igne,
1025 2315 1127 2381 subito
1148 2337 1204 2381 seu
1223 2337 1292 2380 rece
1315 2325 1345 2380 ta
1367 2314 1469 2381 anima
1486 2337 1542 2381 seu
1563 2325 1682 2383 retenta
1706 2321 1853 2408 quicquid

686 2404 818 2474 emensis
839 2403 920 2467 inter
939 2410 1102 2499 utramque
1124 2401 1218 2467 vitam
1240 2337 1349 2466 diebus
1370 2408 1474 2486 egerat
1494 2402 1665 2480 videratve,
1693 2412 1851 2491 tamquam

685 2491 843 2578 publicum
870 2485 1025 2571 professus
1048 2485 1209 2560 indicium,
1242 2485 1377 2551 bumano
1398 2486 1504 2569 generi
1525 2487 1702 2553 enuntiavit.
1761 2493 1852 2557 Hanc

687 2574 819 2640 labulam
839 2570 962 2648 Cicero,
998 2570 1068 2635 licet
1094 2570 1132 2633 ab
1153 2569 1284 2635 indoctis
1304 2569 1391 2656 quasi
1417 2571 1482 2654 ipse
1502 2571 1566 2637 veri
1587 2572 1726 2637 conscius
1750 2574 1853 2640 doleat

687 2658 823 2732 irrisam,
857 2655 1032 2738 exemplum
1053 2662 1155 2719 tamen
1182 2654 1310 2718 stolidae
1331 2654 1579 2739 reprehensionis
1605 2657 1704 2722 vitans
1725 2659 1851 2725 excitari

688 2749 881 2810 narraturum
903 2760 996 2824 quam
1017 2738 1196 2806 reviviscere
1216 2739 1332 2803 maluit.

771 2827 810 2891 ll.
852 2828 898 2890 Ao
923 2823 1009 2909 prius
1034 2843 1127 2908 quam
1155 2824 1265 2888 somnii
1292 2823 1384 2890 verba
1408 2826 1617 2903 consulamus,
1655 2828 1851 2895 enodandum

687 3062 690 3072 ·
714 3028 717 3033 '
754 3031 823 3082 blas.
842 3028 1095 3081 urserat-zuen.
1117 3026 1188 3089 (MT
1206 3044 1294 3095 usquo
1309 3028 1344 3080 ad
1363 3027 1446 3080 linem
1464 3045 1526 3097 cap·
1546 3029 1598 3091 l·)]

687 3115 795 3167 confert
810 3116 839 3167 h.
859 3114 907 3165 lib.
926 3130 951 3164 c.
971 3118 988 3164 8
1007 3112 1031 3180 [ᾗ
1049 3115 1100 3181 2.];
1118 3113 1155 3178 11,
1171 3116 1188 3164 4
1205 3112 1284 3180 [12.];
1304 3113 1341 3178 ll,
1359 3113 1503 3233 591-
1525 3120 1555 3165 el
1571 3113 1661 3165 docuit
1679 3115 1766 3182 v-gG.
1801 3117 1851 3169 do-

684 3184 741 3238 cuit
755 3182 831 3245 (add.
852 3198 939 3234 asco.
957 3197 994 3233 m.
1012 3187 1074 3248 poe)
1091 3180 1141 3231 Ra.
1159 3208 1192 3221 -
1209 3189 1239 3235 et
1254 3182 1325 3233 aude
1342 3183 1388 3234 eb
1415 3222 1420 3233 .
1438 3207 1470 3220 -
1487 3179 1530 3233 ael
1547 3181 1650 3247 culpae
1668 3181 1699 3233 Β.

685 3256 712 3303 8.
744 3252 845 3303 minori
867 3250 928 3301 rm.
952 3277 978 3288 -
1003 3250 1107 3317 reperit
1132 3249 1201 3300 Brea.
1228 3277 1263 3288 -
1283 3265 1303 3298 r.
1318 3267 1346 3316 p.
1364 3250 1392 3301 in
1411 3249 1500 3299 amaia
1519 3248 1575 3299 ocio
1597 3247 1626 3298 S.
1647 3276 1681 3287 -
1703 3251 1853 3303 collocavit

578 3370 595 3384 ,,
684 3317 770 3386 lvi-g.
793 3347 826 3358 -
847 3319 885 3369 iis
900 3334 929 3387 g.
949 3345 980 3354 -
1001 3318 1205 3383 perveniendam
1224 3318 1267 3369 ait
1285 3314 1513 3369 emonensem.
1530 3342 1564 3352 -
1582 3317 1676 3381 pocius
1692 3324 1769 3383 (sup.
1786 3320 1851 3369 add.

685 3388 741 3449 ael)
760 3388 811 3439 Rl.
829 3414 863 3425 -
882 3386 1063 3456 reamandum
1079 3392 1145 3445 (om.
1165 3387 1213 3445 ait)
1230 3383 1292 3434 ΕΜ.
1316 3411 1349 3422 -
1370 3385 1475 3435 iuditia
1489 3383 1676 3449 prudentias.
1699 3412 1733 3423 -
1753 3394 1853 3452 atque

582 3452 585 3459 ’
685 3456 864 3507 moderatione
881 3469 941 3519 v-g.
961 3479 994 3490 -
1015 3460 1205 3505 tractaverunt
1222 3452 1301 3503 s-bl'.
1452 3456 1476 3501 9,
1518 3448 1695 3517 Pamphyliae
1713 3454 1800 3517 v-gG.
1818 3482 1853 3493 -

686 3523 730 3574 dio
750 3523 853 3573 demum
874 3521 952 3570 s-bP.
978 3548 1010 3557 -
1035 3521 1148 3572 altimus
1171 3519 1201 3569 B.
1228 3548 1255 3557 -
1281 3518 1417 3569 urendae
1438 3523 1512 3581 (unp.
1535 3517 1718 3579 honorandus)
1742 3522 1793 3573 Ra.
1818 3551 1852 3561 -

685 3589 769 3641 sabito
787 3589 849 3638 add.
868 3602 884 3637 a
903 3603 958 3637 sec.
976 3603 1012 3637 ru.
1033 3587 1081 3638 Rl.
1100 3616 1133 3624 -
1158 3588 1191 3636 in
1209 3587 1343 3653 publicam
1367 3584 1397 3633 Β.
1419 3611 1454 3623 -
1475 3585 1623 3637 nunciavit
1639 3602 1700 3654 vg.
1854 3631 1859 3638 .

686 3659 728 3707 10.
763 3655 895 3705 devitans
917 3653 988 3703 Brea.
1007 3681 1039 3690 -
1059 3661 1197 3705 naturam
1216 3660 1291 3721 (sup.
1309 3656 1493 3711 narratarum)
1513 3650 1563 3701 Ra.
1738 3671 1743 3676 ·

751 3722 789 3771 11.
829 3723 915 3787 Caput
934 3721 969 3770 ll.
1008 3720 1078 3785 Quid
1094 3722 1303 3788 respondendam
1323 3719 1408 3770 Colota'
1422 3720 1562 3785 Epicureo,
1577 3719 1853 3787 palantiplrilaooplro

685 3787 950 3840 consesecrandam
962 3787 1083 3849 sodalitia
1112 3804 1229 3854 quaeqae
1243 3788 1356 3854 fabulas
1369 3786 1537 3854 philosophia
1554 3786 1679 3851 recipiat,
1706 3794 1731 3838 et
1745 3790 1853 3853 quando

686 3856 728 3907 bie
739 3854 892 3924 philosophi
908 3853 1009 3905 soleant
1025 3855 1065 3905 uti
1080 3854 1157 3904 cb-b.
1311 3858 1335 3904 1.
1369 3855 1448 3905 acrba
1463 3854 1557 3904 somnii
1572 3854 1622 3903 Re.
1638 3880 1671 3890 -
1684 3855 1854 3907 consulimus

686 3921 736 3975 ΕΘ
750 3922 803 3985 (Rl
824 3938 884 3988 sup.
900 3926 941 3982 a).
961 3948 993 3957 -
1013 3922 1180 3973 enatandum
1196 3927 1270 3987 (sup.
1289 3938 1306 3973 a
1324 3936 1380 3972 acc.
1399 3937 1436 3972 ru.
1453 3921 1485 3983 ἅς
1504 3936 1557 3972 om.
1573 3920 1661 3979 nobie)
1678 3920 1729 3971 Rl.
1746 3948 1778 3959 —
1800 3918 1860 3989 pao

720 4110 747 4156 1.
785 4113 845 4174 poet
866 4104 977 4173 animal]
1004 4101 1046 4155 Cl.
1066 4103 1080 4170 5
1103 4107 1144 4166 6.;
1176 4108 1243 4172 ab,
1294 4102 1378 4166 fides,
1407 4101 1505 4155 vitium
1529 4100 1557 4153 in
1580 4102 1627 4154 his
1650 4101 1744 4154 verbis
1768 4103 1851 4155 latet:

687 4173 774 4240 §123
798 4192 818 4224 c.
838 4176 868 4237 4,
891 4174 904 4239 5
925 4178 963 4237 1.;
991 4172 1039 4223 lib.
1057 4172 1098 4232 ll,
1120 4172 1242 4238 c.17‚§
1294 4170 1852 4237 isenimnondrmeniumipeumluisse,

688 4244 743 4293 ld:
761 4250 820 4310 poet
836 4258 936 4308 corpus.
972 4240 1003 4291 In
1022 4240 1065 4289 Ra
1080 4239 1243 4291 adnotatur:
1293 4244 1325 4289 ut
1341 4239 1439 4289 voluat
1456 4238 1625 4303 interpretes
1641 4238 1783 4301 Platonis,
1802 4241 1851 4289 scd

685 4310 813 4375 ‚Menai
824 4309 883 4360 nl.
896 4307 1072 4375 intellegitur
1083 4306 1243 4358 commixtio
1293 4305 1442 4357 Haemonii
1471 4305 1566 4356 ,filium
1597 4306 1698 4357 scribit
1726 4306 1774 4356 lib.
1802 4306 1850 4356 lx.

685 4376 810 4442 corporis
830 4376 985 4426 etunlmae
1006 4375 1066 4426 aive
1085 4374 1244 4426 substantia
1293 4372 1423 4439 Sympos.
1444 4373 1533 4440 probl.
1556 4376 1573 4423 5
1593 4372 1627 4440 [c.
1648 4374 1692 4442 2.].
1727 4374 1777 4423 Est
1802 4389 1853 4424 au-

685 4457 818 4508 corporeo
837 4442 960 4507 animata
977 4442 1149 4493 sensibilis.“
1294 4447 1349 4490 tera
1365 4440 1404 4489 Er
1420 4456 1520 4492 nomen
1538 4439 1702 4501 Asiaticum,
1721 4448 1752 4492 ut
1766 4441 1853 4493 disci·

719 4544 745 4593 8.
780 4542 897 4592 ordinem
978 4557 1114 4593 reservans
1200 4558 1242 4592 re·
1294 4523 1354 4587 'ml‘
1376 4509 1523 4591 ⁰¹a⁸⁸¹⁰bl⁸
1542 4508 1655 4592 'ulmal‘
1680 4508 1770 4588 “lm
1785 4508 1852 4590 ..φ’

683 4617 774 4689 pertpe
791 4608 838 4689 eat]
864 4608 906 4659 Cf.
928 4611 1138 4675 reperiuntur
1159 4609 1243 4669 talei
1293 4572 1853 4711 sugam?pvbl’ll'lggvgssefflgoemj

679 4676 1177 4825 ababairridendae,
1190 4676 1242 4824 ll
1292 4706 1853 4839 littteras.tartareum

683 4802 821 4877 εὑρίσκετο
838 4826 905 4868 τους
923 4823 1090 4877 “mum
1106 4819 1244 4876 ψευσαμῇ
1292 4841 1450 4911 significari
1467 4839 1600 4892 iudicium
1618 4840 1690 4892 illud
1708 4843 1853 4908 publicum

683 4892 732 4937 νος
748 4893 792 4942 ¹¹¹²·
811 4876 964 4928 Hemdlm'·
984 4876 1020 4941 ll’
1037 4883 1063 4940 ⁷³
1081 4882 1106 4927 ²¹
1292 4912 1365 4976 quod
1384 4911 1493 4962 iuratus
1508 4908 1543 4959 do
1561 4907 1682 4959 Romulo
1703 4911 1783 4961 caelo
1802 4910 1852 4961 de-

717 4980 742 5027 9.
780 4979 821 5029 Er
838 4978 945 5044 quidam
965 4977 1070 5028 nomine
1085 4975 1158 5041 suit,
1188 4994 1241 5027 na·
1292 4979 1372 5044 lapso
1392 4975 1503 5040 sibique
1523 4975 1606 5027 obvio
1628 4976 1696 5028 lecit
1714 4978 1852 5029 Proculus

657 5069 660 5076 ·
683 5044 755 5097 tione
781 5044 951 5112 Pamphylos]
978 5043 1089 5107 „Verba
1114 5044 1241 5096 Platonis
1291 5044 1391 5097 lulius.
1425 5040 1635 5108 cr.Liv.1,1o‚
1652 5044 1709 5096 Cic.
1726 5046 1852 5114 delcgg.

683 5117 748 5164 sunt
761 5111 834 5163 libro
849 5112 948 5163 ultimo
963 5112 997 5162 de
1009 5110 1117 5177 republ.
1126 5109 1169 5183 lp.
1181 5114 1241 5164 614.
1292 5112 1314 5177 l,
1336 5116 1374 5174 1.,
1392 5107 1468 5161 Plut.
1488 5110 1568 5161 Rom.
1585 5115 1630 5161 28.

591 5231 594 5237 ,
683 5178 807 5247 stepha:
832 5168 913 5244 Ἠρος
928 5179 978 5231 τοῦ
995 5172 1130 5245 Ἀρμενίου
1149 5174 1181 5231 τὸ
1197 5176 1241 5244 γέ·
1326 5182 1368 5229 10.
1404 5176 1524 5245 excitare]
1546 5178 1589 5229 (ll.
1609 5178 1703 5231 Somn.
1723 5179 1765 5246 ll,
1783 5181 1801 5230 3
1817 5196 1852 5231 ce

682 5263 730 5310 eos
757 5242 922 5316 Παμφύλου.
960 5246 1015 5301 Sed
1038 5244 1064 5299 ai
1086 5246 1240 5301 Plutarcho
1290 5261 1486 5301 meeaomao
1502 5247 1662 5302 excitetis.
