5092 6425
689 899 754 942 uou
1140 878 1472 951 PROLEGOMENA„

724 1051 820 1118 Bapt.
836 1048 1042 1103 liliamnusio
1056 1051 1156 1104 Graece
1171 1060 1196 1104 et
1214 1053 1310 1105 Latine
1325 1055 1473 1107 doctissimo
1488 1070 1520 1105 ac
1541 1056 1655 1108 Venetae
1675 1055 1742 1124 reip.
1762 1055 1909 1108 Secretario

725 1136 753 1188 S.
767 1136 798 1186 P.
818 1136 851 1186 ll.
865 1170 873 1186 .
886 1172 912 1187 ..
934 1136 1007 1188 Vale.
1042 1137 1176 1205 Sequitur
1192 1138 1271 1191 foliis
1290 1137 1441 1190 lv-tuw
1458 1138 1550 1203 inber,
1566 1140 1612 1192 cni
1628 1140 1773 1208 praemisit
1785 1141 1908 1192 Donatus

721 1221 794 1272 haec
811 1221 910 1273 verbus
932 1222 1091 1290 comparato
1106 1224 1174 1276 liuns
1190 1233 1308 1278 nostrum
1322 1224 1445 1290 inbicem,
1464 1226 1585 1278 Candide
1604 1226 1705 1289 Lector,
1722 1243 1781 1277 cuns
1799 1227 1910 1277 caeteris

722 1309 843 1377 quiante
859 1308 928 1359 bunc
941 1309 1010 1360 etiem
1024 1309 1145 1377 impressi
1160 1317 1236 1362 sunt:
1252 1311 1353 1364 uidebis
1365 1329 1443 1379 quam
1461 1312 1524 1363 bene
1540 1311 1587 1364 tibi
1600 1313 1747 1364 consultum
1765 1313 1799 1363 sit
1812 1312 1910 1363 nostris

722 1395 864 1447 laboribus.
894 1411 947 1446 non
966 1395 1043 1446 nrorlo
1063 1395 1132 1446 enim
1151 1397 1319 1464 copiosiorem
1340 1396 1533 1466 deprehendes?
1560 1398 1705 1450 sedetiam
1723 1397 1821 1463 absque
1838 1397 1909 1446 omni

720 1483 822 1547 francie
842 1496 1007 1533 numerorum
1028 1487 1189 1534 constantem
1204 1482 1375 1552 fidelemque.
1402 1499 1518 1551 unquam
1542 1482 1608 1548 (sic)
1631 1490 1656 1535 te
1677 1484 1762 1535 mittet
1784 1498 1907 1548 usquam,

722 1567 788 1634 puin
805 1566 902 1627 ibidem
925 1565 962 1617 sis
983 1565 1138 1620 inventurae
1159 1569 1230 1636 puori
1248 1569 1400 1635 puauebas.
1436 1569 1467 1619 ln
1490 1566 1541 1619 iot.
1564 1566 1641 1618 xm.
1660 1574 1737 1620 uret
1756 1565 1844 1617 XIV*
1867 1567 1908 1616 te-

722 1657 828 1719 guntur
848 1651 959 1721 Virgilii
977 1668 1069 1704 curus
1087 1671 1105 1706 n
1126 1654 1260 1706 Macrobio
1276 1654 1388 1721 repositi
1406 1648 1477 1705 κατὰ
1496 1654 1637 1720 στοιχεῖον.
1663 1653 1742 1706 inituri
1762 1670 1815 1704 non
1834 1651 1907 1703 diri-

723 1736 877 1790 bnntnr·iu
903 1737 1012 1806 capita,
1041 1737 1266 1806 noc'quibqunm
1295 1738 1403 1806 iegitur
1423 1737 1451 1788 iu
1476 1738 1613 1806 margine.
1648 1739 1759 1793 Literna
1777 1739 1905 1791 initiales

722 1823 845 1875 amineae
861 1823 1020 1877 indicuntur
1037 1825 1163 1892 parvulis
1183 1824 1285 1876 litoris.
1322 1821 1467 1875 Ciceronis
1484 1822 1628 1876 Somnium
1646 1825 1788 1892 Scipionis
1806 1825 1906 1876 iisdcrn

723 1909 815 1962 literis
833 1909 969 1978 scripturn
987 1917 1030 1963 cst
1048 1927 1083 1963 sc
1098 1910 1184 1962 verbs
1200 1908 1354 1972 Macrobii,
1381 1909 1483 1976 quibus
1500 1925 1572 1974 quac
1589 1927 1624 1961 ex
1639 1911 1692 1963 itin
1708 1912 1814 1963 inserta
1832 1916 1907 1973 sunt,

722 1995 815 2047 literis
835 2002 902 2065 punt
921 1995 1063 2064 descripta
1086 1995 1255 2048 uncialibus.
1290 1996 1408 2046 Praeter
1426 2010 1519 2046 mensu
1537 1994 1681 2062 exemplar
1701 1996 1788 2049 lunius
1804 1994 1906 2045 abitin-

722 2081 767 2134 nis
785 2098 852 2134 nsua
871 2099 932 2134 curn
951 2081 1009 2133 alin
1026 2081 1099 2149 quob
1118 2085 1160 2133 est
1179 2080 1207 2132 in
1226 2079 1297 2144 bibl,
1315 2097 1375 2151 reg.
1394 2080 1518 2144 Monac,
1535 2079 1655 2145 olisnP.
1676 2081 1841 2144 Victorii,
1860 2078 1904 2130 iu-

722 2168 836 2234 ecriptis
859 2165 983 2235 margini
1007 2182 1079 2218 nanc
1099 2165 1229 2234 praeciso
1252 2164 1358 2217 notulis
1380 2165 1563 2232 quibusdam,
1591 2183 1661 2233 quas
1683 2169 1718 2220 ab
1741 2165 1906 2218 Saturnalia

722 2253 896 2321 pertinentes
914 2251 1105 2318 transscripsi.
1563 2288 1572 2309 ,

688 2338 967 2391 unavaalnan
986 2339 1033 2405 (h,
1061 2335 1504 2406 rortsxlxaetpsgtnroasc.
1526 2337 1755 2401 vetrannius).
1789 2334 1905 2386 Titulus

722 2428 780 2476 ost:
807 2425 970 2477 Macrobii
984 2424 1148 2476 Ambrosii
1164 2424 1304 2476 Aurelii
1326 2423 1506 2475 Theodosii
1522 2425 1575 2476 ciri
1589 2424 1737 2476 consularis
1754 2429 1778 2473 et
1794 2419 1906 2472 illustris

722 2511 750 2561 in
776 2509 912 2561 Somnium
933 2509 1065 2577 scipionia
1085 2508 1146 2560 libri
1167 2509 1204 2560 11.
1242 2509 1367 2560 liiusrlcm
1389 2509 1603 2563 Saturaatiorum
1619 2510 1680 2561 libri
1701 2508 1762 2563 Vll,
1781 2524 1812 2558 ec
1827 2512 1904 2556 ucto-

721 2595 844 2647 stiscimis
857 2595 1043 2663 manuscriptio
1056 2594 1188 2663 recogniti
1203 2601 1227 2646 et
1246 2593 1328 2646 aucti.

1012 2679 1202 2732 ioaclrimus
1224 2680 1441 2733 Camerarius
1461 2679 1573 2734 Lectori.

891 2765 965 2818 Haec
983 2765 1029 2832 qui
1040 2767 1115 2831 forte
1129 2765 1204 2817 cibes
1222 2767 1326 2819 autoris
1343 2767 1457 2835 scripta,
1472 2768 1570 2832 uidete,

946 2852 1033 2917 Quam
1050 2866 1152 2919 quoque
1168 2851 1292 2920 oulgntis
1309 2853 1362 2907 sint
1379 2853 1490 2905 meliora
1504 2852 1588 2920 prius.

892 2937 966 2988 Haec
982 2936 1050 2987 bona
1066 2952 1135 2988 nunc
1148 2935 1236 2988 ¹blesis
1252 2945 1363 3004 operata
1379 2939 1478 2991 dantur
1492 2939 1525 2989 ab
1544 2945 1602 2990 arte

941 3021 1090 3090 Heroagii,
1109 3037 1176 3088 puae
1193 3021 1247 3073 iarn
1265 3031 1305 3077 tot
1322 3024 1395 3077 ciebit
1413 3031 1476 3076 onte
1491 3024 1550 3077 titi.

894 3107 965 3173 Quiri
982 3107 1029 3159 sect
1048 3095 1252 3177 egomenrorem
1269 3118 1398 3173 correcta,
1416 3111 1533 3178 espleta,
1550 3115 1666 3176 reposta,

943 3194 1063 3262 Quotpus
1080 3193 1224 3263 quibusque
1240 3195 1334 3260 modis,
1350 3203 1464 3264 quotque
1481 3194 1625 3265 quibusque
1641 3192 1724 3246 iocis?
1754 3224 1761 3239 ·

892 3280 1022 3348 Pauperis
1039 3288 1077 3332 cst
1093 3296 1232 3332 numerare
1244 3297 1338 3350 pecus,
1356 3281 1435 3359 simul
1452 3282 1541 3333 omniu
1558 3281 1664 3333 laudem

860 3387 864 3393 ·
885 3371 888 3376 ’
945 3366 1006 3419 Non
1021 3367 1114 3434 aliqua
1131 3366 1159 3417 in
1175 3365 1273 3418 nostris
1287 3383 1352 3435 pars
1370 3373 1452 3434 quota
1469 3368 1546 3419 rebus
1563 3368 1650 3419 babet.

891 3451 944 3517 Qui
960 3458 1049 3504 tamen
1067 3458 1093 3504 et
1108 3451 1193 3504 nostri
1207 3468 1344 3504 numerum
1361 3453 1419 3505 nult
1436 3455 1503 3504 scire
1521 3453 1628 3518 laboris,

940 3539 1101 3590 Annumeret
1115 3554 1205 3590 versus
1220 3539 1301 3590 totius
1316 3538 1362 3589 ille
1377 3538 1447 3590 iibri.

721 3620 855 3686 Sequitur
875 3619 987 3688 signnm
1013 3621 1145 3674 cilicinae
1166 3622 1380 3691 Hervagiauac,
1408 3622 1567 3675 Mercurius
1588 3622 1694 3690 triceps
1709 3625 1787 3673 stans
1805 3620 1834 3671 in
1855 3634 1902 3669 cn-

722 3707 817 3758 tnrnau
845 3705 891 3757 eni
920 3706 1094 3773 adscriptum
1123 3713 1167 3759 est
1194 3709 1329 3777 Heroug,
1363 3714 1392 3760 et
1418 3707 1519 3759 bsinbe
1545 3709 1708 3761 anileae
1731 3725 1763 3759 ec
1792 3706 1902 3772 officina

722 3795 812 3846 toan.
828 3791 1007 3859 Heroagii.
1043 3795 1122 3845 Anno
1141 3795 1178 3845 M.
1201 3796 1233 3846 D.
1254 3794 1368 3846 XXXV.
1402 3793 1435 3845 bn
1458 3792 1535 3846 tituli
1557 3795 1663 3862 pagina
1682 3808 1782 3846 aversa
1801 3792 1902 3857 legna-

720 3884 767 3931 tur
786 3880 911 3942 Antores,
935 3893 1044 3944 puorum
1059 3879 1208 3931 testimonio
1225 3881 1253 3932 in
1270 3880 1313 3932 bis
1329 3879 1404 3931 libris
1420 3896 1485 3931 usus
1499 3888 1538 3934 est
1558 3881 1723 3946 Macrobius,
1740 3885 1769 3931 et
1783 3878 1833 3930 iol.
1851 3875 1901 3928 ln*

721 3964 856 4033 epistola:
887 3962 978 4015 Nobili
997 3979 1030 4014 ac
1050 3979 1179 4032 generaco
1201 3966 1305 4017 domino
1325 3966 1427 4019 Paulo
1446 3966 1576 4018 Baroni
1593 3967 1635 4018 acl
1656 3967 1900 4019 Solsuuurteen-

720 4053 816 4121 berg,
841 4050 1029 4119 Pabenbergae
1046 4058 1072 4103 et
1093 4049 1265 4120 Vuircipurgi
1283 4054 1341 4116 oeo,
1368 4052 1495 4120 Collegae
1515 4052 1648 4105 Canonico
1666 4088 1693 4104 ..
1712 4050 1902 4105 Ioaclciraus'

725 4138 943 4190 Camerarius.
967 4138 1025 4203 QV.
1039 4138 1068 4190 S.
1083 4139 1116 4190 D.
1197 4138 1311 4201 ans.,c
1330 4153 1384 4205 qus
1404 4136 1509 4205 protuli
1528 4138 1663 4189 nonnulla
1679 4153 1775 4204 snpra,
1792 4154 1819 4203 p.
1836 4149 1900 4185 mn.

719 4222 782 4276 Pot.
797 4220 857 4279 lv!
878 4221 978 4291 incipit
998 4239 1087 4275 noras
1105 4225 1200 4276 Rerum
1214 4241 1246 4276 nc
1262 4225 1397 4277 uerborum
1412 4224 1442 4274 in
1460 4224 1590 4275 Macrobii
1606 4224 1687 4275 libros
1704 4223 1797 4287 incias,
1817 4238 1899 4287 quern

720 4310 849 4378 seqnitur
868 4328 895 4377 p·
913 4326 934 4361 r.
957 4309 1096 4362 Macrobii
1120 4309 1390 4362 Commentariorum
1415 4309 1443 4360 in
1460 4308 1605 4360 Somnium
1624 4307 1765 4375 Scipionis
1788 4308 1861 4357 tiber
1877 4307 1900 4357 i.

719 4395 824 4448 omisso
844 4394 989 4447 ciceronis
1009 4394 1124 4447 Somnio
1146 4394 1297 4463 Scipionis.
1331 4383 1481 4447 Praeterea
1501 4391 1529 4444 iu
1554 4393 1609 4445 lrac
1628 4392 1751 4446 editione
1768 4395 1901 4462 teguntur

719 4479 817 4532 sabens
835 4480 896 4531 lece
912 4496 984 4547 qnae
1001 4482 1030 4535 in
1041 4480 1264 4544 coloniensibus,
1284 4480 1333 4532 seb
1351 4478 1534 4532 multitarisur
1549 4479 1696 4532 erneubntn
1711 4484 1794 4544 atquc
1808 4483 1900 4543 ancta,

718 4566 829 4619 Graeca
850 4566 1032 4635 praesertim,
1053 4568 1155 4634 quibus
1172 4585 1189 4620 c
1207 4567 1304 4619 cortice
1323 4566 1443 4635 sumptis
1460 4566 1490 4618 iu
1509 4565 1559 4618 rin:
1572 4566 1603 4617 V.
1621 4581 1675 4618 non
1692 4565 1832 4617 abduntur
1849 4565 1900 4616 ab·

718 4651 878 4705 notationes
894 4652 1081 4720 Vesaliensis,
1099 4654 1149 4707 seb
1167 4659 1196 4706 et
1213 4653 1261 4706 hic
1277 4658 1306 4706 et
1322 4653 1395 4706 alies
1410 4653 1486 4706 alise
1503 4667 1600 4706 norae.
1634 4650 1709 4702 Usus
1724 4665 1787 4700 snrn
1804 4664 1899 4699 exem·

717 4736 793 4804 ptari
819 4737 892 4804 quob
917 4740 990 4792 milri
1018 4739 1206 4794 commodavit
1228 4738 1427 4792 Inachimns
1450 4739 1613 4807 Meycrus
1639 4736 1668 4788 V.
1694 4737 1727 4787 Ι).
1752 4734 1900 4786 Professor

648 4877 650 4884 ,
717 4822 965 4892 Noricubergeusis
991 4830 1102 4893 praeter
1124 4825 1198 4878 illud
1222 4825 1295 4892 quob
1313 4842 1329 4876 e
1346 4823 1521 4877 bibliotheca
1539 4822 1653 4891 publica
1671 4820 1808 4875 Beruensi
1827 4820 1899 4872 ruiiri

718 4909 837 4963 rulserst
853 4909 1022 4962 biberius
1039 4910 1185 4963 latinius
1200 4911 1231 4962 V.
1250 4911 1294 4975 D„
1310 4911 1346 4963 ele
1363 4926 1417 4981 qun
1435 4910 1492 4964 vib·
1509 4927 1534 4977 p.
1553 4924 1656 4961 nxmr.

751 4998 794 5049 Ex
811 4997 867 5050 huo
884 4993 1008 5049 abitione
1022 4995 1113 5048 iactae
1130 5000 1195 5048 suut

752 5083 781 5149 1)
798 5081 943 5135 unccione·
960 5081 1200 5151 Gryphianum·

752 5166 1012 5238 a)·iiugbuuenses.

681 5252 889 5324 flryphiaua
904 5253 929 5321 i,
946 5258 990 5307 ⁸⁰.
1025 5251 1141 5308 Titulus
1159 5256 1215 5305 estc
1235 5253 1400 5310 Macrobii
1414 5252 1579 5309 Ambrosii
1596 5252 1733 5305 Aurelii
1753 5251 1899 5303 Theodo-

643 5355 675 5407 ι,
718 5339 777 5409 nr,
797 5341 851 5398 oei
873 5340 1021 5396 macir·
1040 5348 1065 5397 n
1081 5339 1210 5407 anim,
1228 5319 1262 5391 t·
1280 5340 1416 5395 eonon·
1433 5338 1568 5409 enini·
1585 5338 1630 5392 cs.
1651 5338 1688 5390 ιι.
1725 5336 1899 5391 mman-
