5092 6425
631 915 688 982 DE
710 915 816 982 DIFF.
837 912 893 980 ET
916 909 1004 981 SOC.
1028 910 1184 980 GRAECI
1204 911 1336 993 Laud.
1358 910 1493 980 vuum.
1536 914 1619 983 VIII.
1639 917 1694 985 IX.
1736 919 1799 984 245

629 1085 694 1152 Nec
716 1106 778 1149 non
800 1091 832 1148 et
858 1082 964 1166 πνέχω
988 1081 1109 1161 actim,
1142 1078 1249 1166 έρύκω
1269 1078 1384 1168 ἐρύξω.
1428 1083 1549 1149 Mutata
1578 1093 1624 1150 est
1649 1094 1681 1152 et
1702 1087 1801 1154 finalis

629 1170 661 1233 in
685 1170 773 1234 litera
796 1177 827 1233 et
849 1190 928 1266 quae
956 1167 1109 1232 antecedit
1130 1167 1160 1231 in
1182 1175 1337 1254 tempore,
1372 1168 1525 1254 siquidem
1548 1172 1571 1233 I
1589 1177 1621 1235 et
1647 1175 1677 1234 Y
1693 1174 1801 1239 verbo·

628 1275 697 1320 rum
721 1275 813 1338 supra
834 1253 986 1317 drctcrum
1007 1253 1038 1316 in
1060 1253 1212 1337 praesenti
1234 1253 1359 1338 quidem
1383 1253 1608 1339 producuntur,
1629 1257 1799 1343 corripiun-

629 1348 682 1404 tur
707 1347 809 1404 autem
834 1337 864 1401 in
886 1336 1000 1402 Iuturc.
1044 1338 1075 1402 Si
1099 1359 1171 1422 ergo
1202 1359 1326 1403 necesse
1348 1347 1410 1414 est,
1443 1346 1479 1403 ut
1497 1339 1528 1404 in
1552 1339 1708 1425 barytonis
1731 1345 1845 1408 ver-ll

627 1423 674 1488 bis
701 1445 780 1509 quae
806 1421 921 1486 habent
948 1423 979 1485 in
1008 1424 1159 1508 praesenti
1189 1431 1261 1488 ante
1284 1425 1318 1485 Ω
1341 1421 1488 1508 liquidam
1518 1435 1738 1492 consonantem
1766 1427 1798 1493 in

626 1509 731 1575 Iuturo
753 1506 939 1593 paenultima
962 1529 1001 1572 ex
1024 1508 1113 1592 longa
1136 1507 1237 1575 brevis
1259 1508 1328 1584 fiat,
1349 1516 1386 1573 ut
1404 1503 1524 1592 ἀγείρω
1545 1505 1668 1591 ἄγερῶ,
1688 1511 1847 1597 prat-[aon]

624 1617 673 1658 νω
695 1593 819 1675 pronai:
844 1592 1000 1677 sequitur,
1020 1599 1071 1670 ut,
1094 1615 1163 1658 cum
1187 1592 1364 1658 huiusmodi
1389 1593 1482 1658 verba
1504 1594 1665 1680 bissyllaba
1688 1618 1796 1681 reppe-

625 1680 762 1756 riuntur,
799 1678 830 1741 in
854 1677 967 1762 quibus
989 1677 1102 1763 syllaba
1125 1699 1204 1763 quae
1232 1677 1339 1763 incipit
1362 1679 1427 1764 ipsa
1450 1686 1497 1743 est
1520 1679 1628 1765 utique
1648 1681 1681 1746 in
1704 1684 1817 1766 paen-'

626 1764 748 1840 ultima,
784 1770 860 1826 tunc
886 1768 1023 1827 mutetur
1055 1785 1117 1828 non
1149 1762 1236 1849 quasi
1264 1763 1363 1848 prima
1394 1761 1448 1828 sed
1478 1764 1570 1913 quasi
1596 1766 1795 1851 paenultima,

624 1848 848 1933 reciperasti,
885 1846 1006 1931 σπείρω
1032 1848 1148 1932 σπερῶ.
1205 1851 1250 1914 lta
1276 1848 1324 1925 fit,
1355 1856 1477 1914 utcu
1519 1849 1654 1916 Graecos
1681 1851 1794 1916 mutari
1806 1851 1845 1914 12

625 1953 859 2016 nonnumquam
883 1931 978 1996 luturi
1001 1933 1115 2017 syllaba
1141 1933 1240 2019 prima
1264 1933 1391 1999 dicatur.
1432 1870 1511 1999 Ibem
1532 1933 1643 2019 τρέφω
1662 1935 1793 2021 primam

625 2018 745 2083 literam
780 2023 991 2102 permutantes
1024 2015 1140 2102 θρέψω
1174 2017 1303 2094 iaciunt,
1340 2026 1372 2083 et
1400 2013 1462 2100 ἔχω
1486 2014 1587 2095 ψιλὸν
1621 2017 1683 2099 ἔξω
1709 2016 1795 2086 δασὺ

624 2103 840 2189 pronuntiant:
864 2100 916 2166 sed
938 2098 1054 2188 θρέψω
1075 2103 1199 2188 quidem
1222 2111 1258 2168 ut
1278 2097 1562 2181 diceretur,''Ioave3
1581 2103 1793 2181 obtinuerunt,

671 2188 738 2252 ibus
751 2186 861 2338 fflbido
889 2196 936 2252 est
962 2187 1179 2272 aspirationem
1203 2187 1295 2253 modo
1320 2187 1432 2253 addere
1455 2187 1547 2254 modo
1566 2188 1702 2254 demere:
1740 2189 1793 2254 ad·

646 2295 707 2350 erc,
728 2294 750 2338 ιι
782 2267 892 2356 τρέφω
914 2267 1030 2357 θρέψω
1052 2281 1084 2338 et
1104 2270 1206 2358 τρέχω
1227 2271 1355 2357 θρέξωε
1375 2272 1508 2351 demere,
1530 2281 1566 2339 ut
1584 2273 1664 2358 θρίξ
1683 2269 1793 2358 τριχὸς

622 2357 748 2424 iaciunt.
780 2353 868 2440 Ἓχω
888 2366 990 2424 autem
1013 2366 1045 2423 et
1066 2354 1128 2436 ἔξω
1148 2357 1226 2422 circa
1248 2357 1466 2442 aspirationem
1486 2365 1569 2424 certa
1591 2359 1710 2424 ratione
1731 2360 1791 2424 dis·
1803 2360 1840 2425 13

591 2466 599 2479 ·
622 2444 776 2521 sentiunt,
797 2444 884 2529 quia,
903 2464 974 2509 cum
995 2442 1039 2507 las
1060 2451 1141 2508 esset
1160 2443 1285 2528 utrique
1305 2443 1522 2530 aspirationem
1545 2442 1626 2523 dari,
1647 2452 1684 2510 ut
1708 2441 1791 2509 ἕλκω

622 2527 721 2607 ἕλξω,
748 2528 826 2593 hanc
847 2529 893 2614 τῷ
915 2525 976 2611 έχω
999 2528 1146 2613 assignari
1168 2528 1334 2594 necessitas
1357 2528 1409 2593 illa
1432 2550 1495 2593 non
1518 2549 1605 2613 passa
1626 2537 1690 2607 est,
1717 2530 1790 2615 quia

622 2615 687 2679 sreri
709 2636 772 2679 non
798 2622 916 2701 potest,
952 2619 988 2678 ut
1013 2614 1076 2679 ulla
1102 2614 1215 2679 vocalis
1242 2614 1417 2700 praeposita
1436 2617 1472 2677 X
1498 2613 1605 2680 literae
1629 2614 1789 2700 aspiratio·

621 2721 692 2765 nem
714 2699 834 2765 habeat.
879 2698 1021 2784 Denique
1045 2703 1078 2778 Y,
1102 2700 1173 2785 quia
1190 2720 1360 2785 numquam
1381 2698 1448 2764 sine
1468 2698 1653 2783 aspiratione
1673 2699 1789 2786 incipit,
1801 2700 1839 2764 14

604 2806 790 2871 numquam
813 2788 848 2848 X
866 2784 972 2850 literae
995 2785 1210 2870 praeponitur,
1231 2806 1270 2850 ne
1290 2783 1415 2851 alterius
1436 2791 1545 2849 natura
1565 2784 1713 2863 violetur,
1734 2793 1790 2851 aut

620 2871 679 2934 τοῦ
703 2875 743 2948 Τ,
776 2869 801 2934 si
823 2869 947 2956 incipiat
968 2871 1035 2936 sine
1056 2870 1258 2955 aspiratione,
1287 2879 1341 2936 aut
1361 2871 1421 2934 τοῦ
1444 2873 1489 2948 Χ,
1520 2869 1546 2934 si
1569 2891 1630 2955 qua
1651 2870 1786 2935 vocalem

621 2975 690 3019 cnm
713 2954 898 3037 aspiratione
921 2955 1080 3020 sustineat.
1122 2957 1276 3023 Futurum
1298 2977 1372 3041 ergo
1394 2952 1472 3034 έξω,
1505 2954 1654 3020 subducta
1674 2956 1787 3040 aspira·
1800 2956 1837 3020 l5

620 3039 705 3104 tione
734 3039 913 3103 necessitate
942 3042 977 3100 X
995 3039 1116 3116 literae,
1152 3040 1295 3125 spiritum
1315 3037 1577 3105 vehementiorem
1604 3046 1659 3105 aut
1679 3041 1789 3125 recipit

621 3132 675 3190 aut
696 3122 806 3188 tenuit
848 3125 885 3188 ln
908 3123 1063 3187 nonnullis
1090 3143 1164 3189 vero
1185 3123 1287 3188 verbis
1317 3122 1348 3187 in
1370 3124 1433 3186 Ml
1456 3122 1642 3188 exeuntibus
1665 3123 1699 3188 lit
1725 3125 1786 3209 pri·

620 3231 689 3275 mae
709 3207 840 3294 syllabae
863 3230 924 3273 non
946 3206 1131 3293 permutatio
1152 3207 1206 3274 sed
1227 3205 1367 3287 amissio,
1405 3214 1441 3273 ut
1459 3205 1576 3291 τίθημι
1594 3202 1705 3292 θήσω,
1737 3208 1785 3273 dl-

620 3296 705 3378 δωμι
725 3289 836 3374 δώσω,
856 3293 989 3377 κίχρημι
1006 3288 1126 3378 χρήσω.

878 3379 933 3443 IX,
975 3378 1024 3442 lle
1045 3376 1197 3464 praesenti
1223 3384 1365 3462 tempore
1392 3376 1522 3463 passivo.

705 3463 808 3529 Omne
835 3483 980 3549 praesens
1001 3471 1125 3549 tempus
1150 3463 1232 3549 apud
1255 3461 1389 3528 Graecos
1416 3461 1448 3526 in
1472 3463 1507 3525 Ω
1529 3460 1673 3526 desinens
1700 3461 1783 3526 modi
1816 3465 1830 3528 1

619 3548 774 3615 indicativi
794 3548 915 3635 generis
935 3547 1025 3615 activi
1047 3548 1133 3617 verbi
1152 3546 1376 3636 perispcmeni,
1400 3546 1427 3612 si
1446 3546 1599 3613 secundae
1618 3545 1834 3632 coniuge-[sor]

1530 3666 1616 3732 [uda.
1632 3667 1716 3736 pdzb.

619 3760 659 3807 12.
697 3754 883 3807 lidemeoni.
903 3754 990 3805 Zeun.
1011 3783 1047 3795 -·
1072 3756 1148 3807 Ioues
1165 3754 1237 3807 uad.
1270 3752 1327 3807 serv
1343 3753 1379 3806 el.
1397 3769 1422 3805 e.
1439 3755 1486 3821 14,
1511 3752 1541 3820 §5
1561 3754 1608 3814 15,
1625 3755 1673 3816 18,
1689 3754 1784 3802 20.-

621 3823 759 3875 TPEntt
787 3823 929 3876 ΤΡΕΨΩ
953 3822 985 3875 Ρ.
1139 3826 1179 3874 13.
1214 3824 1308 3875 littero
1332 3838 1368 3874 eo
1391 3821 1423 3873 Ρ.
1575 3824 1616 3872 14.
1651 3821 1675 3872 ei
1693 3837 1783 3887 quom

617 3891 689 3943 coni.
707 3890 775 3959 Ops.
929 3894 970 3943 15.
1006 3898 1054 3943 cut
1074 3890 1167 3958 recipit
1184 3899 1232 3943 cut
1248 3891 1346 3942 renuit
1362 3888 1436 3941 coni.
1453 3887 1522 3953 Ops.
1560 3896 1609 3942 aet
1625 3888 1718 3955 recipit
1735 3894 1783 3937 out

615 3967 718 4078 qeqnpqt
738 3957 908 4013 coni.Pont.
942 3976 1025 4011 nane
1043 3958 1304 4029 recipitprotenui
1325 3957 1412 4010 Zeno.
1445 3955 1579 4010 Viduot.
1601 3980 1637 3996 ·-
1667 3954 1783 4007 ΤΙΘΕ-

1471 4107 1541 4169 [Με.
1559 4104 1589 4156 V.
1623 4103 1675 4155 Ed.
1692 4118 1714 4154 ε.

683 4195 731 4247 lv.
766 4195 848 4247 lnb'e
863 4195 935 4247 baec
952 4198 1057 4246 tanturn
1076 4194 1222 4262 legantur:
1259 4198 1282 4246 1.
1301 4196 1372 4255 (ld.)
1398 4192 1564 4245 ltemorrrrre
1577 4193 1782 4255 procreantem·

613 4281 666 4333 pus
688 4264 762 4332 opud
783 4263 943 4316 Graecanica
964 4262 991 4314 Ω
1014 4263 1149 4328 desinens,
1181 4263 1253 4315 modi
1277 4260 1431 4323 indicativi,
1460 4256 1567 4328 generis
1586 4256 1682 4318 activi,
1709 4253 1782 4305 verbi

650 4369 692 4417 10.
727 4366 904 4435 corripiuntur
920 4373 1008 4417 autern
1027 4366 1055 4417 ia
1070 4364 1173 4434 laturo]
1259 4368 1302 4417 15.
1336 4363 1464 4415 subducto
1490 4357 1665 4428 aspiratione]
1686 4374 1728 4409 sc.
1750 4355 1780 4407 in

614 4434 703 4486 Immo
722 4434 854 4486 videntur
870 4433 973 4501 corripi
992 4438 1107 4500 propter
1123 4433 1175 4484 du·
1222 4431 1365 4501 praesenti
1382 4437 1516 4497 tempore.
1735 4491 1741 4504 ι
1763 4490 1770 4503 ’

614 4502 719 4567 plieem
737 4517 809 4567 qnae
828 4501 1173 4567 sequitur-consonantem,
1256 4500 1377 4569 spiritam
1395 4495 1608 4550 vehementiorem
1623 4500 1671 4546 oct
1688 4496 1781 4571 recapit

614 4569 1088 4637 qunsoleproduceretursyllubn.
1110 4568 1172 4620 via.
1222 4576 1270 4621 out
1295 4566 1390 4634 tenuit]
1418 4562 1562 4631 „Spiritus
1586 4561 1780 4638 vehementior·¹

613 4636 736 4689 Irobcok.
755 4638 790 4688 erl
808 4636 963 4705 Phrynieb.
984 4654 1010 4703 p.
1030 4640 1086 4687 lor.
1221 4635 1270 4687 bic
1288 4634 1394 4700 estqui
1412 4632 1485 4685 alins
1502 4629 1607 4682 dieitur
1623 4644 1716 4696 asper,
1734 4641 1780 4676 cur

1315 4702 1323 4716 ⁰
1457 4698 1464 4713 ⁸
1493 4700 1510 4726 ί(
1643 4725 1678 4735 .-

613 4734 1106 4869 ,mcataractarum
1124 4752 1173 4855 a:
1220 4709 1371 4836 lilii
1387 4708 1496 4820 trra
1513 4699 1669 4827 iilo
1685 4696 1779 4815 *iii

612 4874 691 4942 ψ·
943 4870 1045 4923 vro
1067 4863 1172 4939 σω
1218 4836 1583 4971 :zvaraadarrat
1598 4828 1780 4967 arceat

613 4941 1172 5075 aartrituraretur?,a
1220 4968 1700 5107 pypqqymzyypgqpr

613 5073 721 5139 “Illum
745 5074 808 5127 ⁶⁰¹3
833 5076 924 5127 dmi·
959 5074 1007 5126 ⁸¹⁰
1028 5075 1172 5127 ³¹¹⁸⁰I⁰⁰¹¹
1221 5107 1339 5174 spiritus
1360 5124 1424 5160 eum
1444 5105 1474 5158 iu
1495 5104 1637 5173 praesenti
1654 5110 1781 5166 tempore

612 5144 657 5192 ³⁶·
674 5140 759 5193 Imm
773 5140 876 5210 ”dimi
889 5140 937 5195 καὶ
951 5136 1075 5210 ρητόρων
1089 5134 1173 5209 ἅνάΫ
1222 5180 1346 5229 mutetur
1367 5175 1396 5226 in
1421 5174 1527 5238 lenem,
1559 5173 1587 5224 in
1607 5171 1703 5222 futuro
1720 5173 1779 5229 aut,

613 5207 700 5341 ῗὲξὲχ
713 5208 857 5331 22:¹2⁸,-
878 5211 922 5263 ⁰5⁰
947 5228 971 5263 ο·
990 5213 1037 5276 1⁶⁹
1058 5210 1128 5277 μ’
1147 5226 1172 5262 ⁰⁴
1222 5241 1248 5295 ei
1265 5241 1432 5310 respicimus
1449 5240 1484 5293 cd
1501 5254 1647 5308 praesens,
1676 5234 1779 5301 reeipi-

1222 5317 1284 5379 tur,
1303 5316 1367 5377 eut,
1389 5308 1416 5363 ei
1432 5308 1469 5363 cvl
1486 5306 1640 5377 originem,
1661 5308 1781 5357 tuamor.
