5092 6425
680 910 741 952 uxr
1124 884 1462 955 PltolltGOlsslNu.

723 1070 794 1122 purae
813 1061 857 1108 est
871 1057 932 1108 eius
950 1057 1120 1119 hirmanitas,
1147 1057 1267 1112 idultro
1283 1057 1359 1107 Killa
1376 1057 1410 1107 ad
1427 1070 1471 1107 me
1490 1055 1572 1106 misit.
1607 1055 1734 1106 Pertinet
1748 1055 1839 1107 autem
1856 1071 1906 1107 va·

723 1145 812 1197 rietus
827 1144 959 1194 lectionis
978 1148 1082 1195 tantum
1101 1145 1135 1194 ad
1149 1132 1338 1197 'ciceronis
1356 1144 1527 1193 somnium
1546 1131 1723 1205 Scipionis
1742 1149 1771 1192 et
1788 1145 1822 1193 a·d
1842 1147 1911 1193 Ma-

724 1229 841 1281 crobii
865 1229 1149 1282 Commentarios.
1182 1231 1213 1279 ln
1232 1231 1330 1279 charta
1348 1242 1428 1292 quam
1448 1229 1535 1285 irontl
1552 1230 1656 1280 addidit
1673 1229 1698 1278 is
1720 1228 1767 1291 qui
1786 1230 1858 1278 hunc
1875 1230 1911 1279 li-

723 1318 800 1367 brum
824 1318 965 1380 compegit
987 1318 1021 1367 ab
1044 1319 1077 1365 Α.
1096 1317 1129 1366 G.
1152 1313 1320 1366 cramero
1345 1313 1454 1377 scripta
1478 1317 1611 1378 leguntur
1634 1317 1764 1366 haecces·
1786 1315 1862 1381 „Qui
1882 1315 1911 1364 in

723 1402 850 1467 margine
866 1406 998 1454 librorum
1018 1401 1198 1453 insomnium
1213 1391 1353 1464 Scipionis
1369 1394 1387 1450 e‘
1404 1404 1459 1450 vet.
1475 1403 1529 1450 dis.
1541 1404 1570 1450 S.
1585 1401 1679 1451 ualli
1698 1400 1793 1451 varias
1809 1400 1912 1450 lectio-

723 1502 775 1538 nes
794 1490 955 1553 adscripsit,
975 1489 1085 1539 videtur
1102 1489 1172 1539 idem
1191 1489 1238 1555 ille
1255 1493 1288 1539 Α.
1305 1487 1338 1536 F.
1353 1487 1514 1547 Francke
1530 1486 1630 1552 inisse,
1647 1487 1693 1549 qui
1711 1500 1743 1537 se
1760 1487 1789 1535 in
1808 1499 1912 1536 aversa

724 1574 798 1623 tituli
816 1576 920 1637 pagina
935 1587 1131 1638 possessorem
1150 1574 1232 1624 inuium
1248 1568 1367 1636 exempli
1389 1573 1479 1622 tuisse
1503 1568 1657 1634 profitetur.
1691 1571 1848 1623 volendum
1866 1576 1912 1620 est

725 1660 920 1713 Saturnalibus
940 1674 995 1711 non
1013 1661 1128 1711 eandem
1145 1658 1472 1721 fortunam'obtigisse.“
1507 1659 1562 1708 sed
1580 1671 1697 1722 vereor,
1722 1671 1756 1708 ne
1772 1658 1914 1708 erraverit

725 1745 807 1795 homo
827 1746 1017 1797 doctissimus.
1052 1747 1120 1795 Nam
1136 1758 1207 1808 quae
1219 1745 1253 1795 in
1272 1745 1336 1806 ipso
1354 1743 1416 1794 libri
1433 1743 1513 1794 titulo
1529 1745 1665 1807 leguntur
1679 1744 1796 1810 literae,
1823 1747 1859 1798 Μ,
1879 1745 1913 1792 ll.

728 1830 777 1893 G„
803 1843 854 1882 eas
872 1831 997 1896 equidem
1018 1831 1171 1894 putaverim
1183 1830 1312 1902 ‚scriptas
1330 1832 1364 1881 ab
1383 1831 1480 1879 eodem
1499 1829 1546 1892 qui
1564 1829 1712 1891 scripserit
1732 1830 1797 1880 illas
1816 1829 1912 1879 varias

725 1914 874 1969 lectiones.
909 1917 1016 1968 contra
1033 1932 1050 1967 a
1069 1929 1150 1967 manu
1169 1916 1337 1966 recentiore·
1346 1916 1476 1978 proiecta
1494 1926 1560 1964 esse
1578 1914 1709 1965 videntur
1729 1928 1764 1965 ea
1782 1928 1853 1977 purae
1872 1915 1915 1964 le-

727 2005 834 2063 guntur
849 2003 877 2054 in
895 2006 988 2056 altera
1005 2004 1128 2054 eiusdem
1145 2001 1205 2051 iolii
1223 2001 1342 2064 pagiua:
1362 2003 1416 2064 ,,Α.
1431 2000 1465 2050 Il.
1482 2000 1643 2050 Fraaclre
1660 2001 1682 2051 l.
1701 1998 1731 2050 (ι’.
1749 1998 1779 2049 c.
1794 2003 1861 2050 soc.
1878 2001 1912 2048 A.

727 2086 766 2134 Μ.
791 2086 866 2139 1712.
899 2090 1021 2142 liondiul
1042 2094 1114 2152 Aug.
1137 2088 1185 2136 1⁷⁰
1207 2085 1280 2136 dle.“
1314 2086 1345 2135 ln
1365 2085 1469 2148 pagiua
1490 2086 1515 2134 d.
1537 2085 1572 2134 ab
1594 2098 1629 2134 eo
1650 2086 1695 2148 ptri
1718 2086 1841 2136 codicem
1862 2098 1913 2135 ex-

730 2171 821 2221 cussit
844 2177 978 2241 scriptum
1005 2175 1124 2238 legitur:
1161 2170 1345 2238 „Variantiae
1370 2183 1406 2220 ex
1432 2173 1506 2239 lilso.
1536 2172 1703 2222 Mouasterii
1728 2175 1757 2222 S.
1779 2171 1912 2241 ¹(lulli.“

728 2256 894 2328 Praeterea,
921 2262 965 2313 ubi
984 2258 1082 2323 incipit
1101 2254 1367 2331 Commentariorum
1385 2257 1457 2308 liber
1473 2257 1495 2306 1.
1514 2256 1555 2321 (p.
1572 2257 1643 2323 it),
1671 2257 1776 2322 legitur
1793 2257 1820 2307 in
1841 2270 1914 2306 mar-

729 2341 810 2405 gine:
828 2348 878 2412 „ln
895 2350 949 2399 lroc
971 2345 1238 2407 ma'inscripiiones
1257 2376 1307 2414 ··.·
1325 2356 1377 2393 nec
1395 2341 1634 2409 distinguuntur.“
1669 2343 1748 2402 Quae
1766 2342 1916 2393 interiecta

729 2434 826 2495 erant,
855 2438 886 2485 ut
911 2425 969 2485 alia
995 2434 1154 2497 complura,
1178 2435 1244 2482 sunt
1263 2429 1408 2493 praecisa.
1447 2430 1572 2492 illusus,
1598 2428 1645 2478 uti
1671 2428 1769 2491 incipit
1793 2441 1855 2490 cap.
1880 2429 1915 2493 2.,

730 2517 769 2575 (p.
787 2516 843 2578 13.)
861 2519 989 2583 legitura
1010 2518 1059 2585 ,',ln
1079 2532 1129 2567 ms.
1148 2498 1353 2577 continuatur.
1366 2519 1395 2564 ut
1412 2512 1504 2564 omnia
1520 2512 1649 2578 capita.“
1682 2510 1846 2582 Alio'quide
1865 2527 1916 2564 co-

730 2600 792 2651 dice
811 2616 845 2653 ex
861 2618 916 2668 quo
932 2584 1041 2666 sumpta
1057 2605 1186 2679 estduec
1204 2602 1329 2653 ‘varietas
1353 2600 1503 2650 lectionum
1534 2600 1601 2673 nihil
1624 2601 1752 2650 traditum
1778 2606 1836 2650 est:
1865 2601 1915 2648 sed

732 2686 803 2736 satis
821 2691 919 2741 bonrum
935 2703 996 2741 etrm
1014 2689 1104 2740 fuisse
1122 2693 1252 2753 apparet,
1282 2692 1311 2736 et
1330 2686 1477 2751 diligentia
1495 2687 1546 2738 illo
1564 2687 1671 2750 quidem
1690 2677 1918 2749 tempore'egre-

732 2772 780 2834 gia
804 2766 914 2827 videtur
939 2789 1004 2827 esse
1029 2784 1178 2835 excussus.
1214 2771 1342 2822 Ceterum
1364 2785 1419 2821 non
1442 2772 1513 2822 idem
1537 2785 1605 2822 esse
1628 2761 1737 2822 videtur
1758 2784 1793 2821 ac
1812 2772 1937 2833 Geru-¹

726 2856 827 2939 'hardi
855 2863 951 2912 codex,
972 2866 1008 2929 s,
1038 2846 1156 2927 inditi.
1178 2859 1437 2909 San-Galleusium
1459 2860 1510 2907 No.
1538 2859 1580 2908 te.
1606 2859 1754 2920 servatus,
1783 2871 1843 2908 sec.
1868 2858 1916 2907 xl.

731 2951 851 2997 exerente
874 2949 1007 3011 scriptus.
1042 2948 1124 2997 Nulla
1146 2949 1224 2995 certe
1246 2938 1273 2993 in
1298 2944 1412 2993 Somnio
1433 2943 1574 3005 scipionis
1597 2957 1614 2993 a
1639 2937 1732 2994 verbis
1752 2956 1778 2993 c.
1796 2945 1830 2993 ll.
1849 2942 1862 3007 p
1878 2943 1915 2992 1.:

732 3037 823 3081 concta
839 3048 887 3100 per
903 3049 945 3093 pre
963 3056 989 3083 ..
1009 3045 1099 3096 usque
1118 3032 1152 3082 ad
1172 3044 1196 3081 c.
1215 3031 1262 3080 lll.
1282 3029 1294 3095 ᾗ
1314 3029 1340 3078 t.
1364 3036 1388 3081 et
1408 3045 1455 3084 cas
1473 3029 1687 3101 magnitudines,
1716 3029 1856 3079 indicatur
1875 3022 1919 3079 la-

732 3127 820 3182 cuna,
850 3100 957 3182 qrraleru
975 3119 1004 3168 in
1023 3119 1072 3168 illo
1094 3131 1160 3168 esse
1181 3113 1341 3167 Osauuus
1360 3101 1502 3167 retulit‘in
1521 3115 1695 3177 praefatione
1715 3117 1749 3166 ad
1769 3115 1917 3166 Ciceronis

732 3201 766 3251 de
781 3216 840 3267 rep.
859 3206 1014 3270 fragmenta
1031 3220 1056 3268 p.
1073 3220 1150 3256 xxrv.
1434 3214 1436 3217 ·

699 3284 729 3351 2)
747 3290 989 3356 lierolinensis
1008 3283 1122 3359 (erup
1138 3293 1366 3342 membranaceus
1385 3302 1444 3347 sec.
1460 3290 1545 3353 xiil,
1559 3288 1687 3347 continet
1707 3287 1919 3339 Commenta-

733 3375 807 3426 rios
831 3378 864 3428 lu
889 3379 1055 3429 Somnium
1075 3376 1264 3440 Scipionis.
1300 3360 1419 3442 addilae
1438 3381 1503 3425 suut
1521 3367 1747 3439 descriptiones,
1774 3376 1919 3425 maximam

733 3468 845 3522 partem·
858 3464 1008 3527 diligenter
1029 3449 1212 3534 delineatae..
1234 3462 1283 3512 sed
1306 3462 1395 3513 minus
1411 3466 1546 3511 accurate
1564 3462 1723 3525 depingitur
1740 3460 1812 3510 situs
1829 3466 1921 3511 terra-

731 3560 790 3597 rum
809 3550 837 3599 iu
853 3563 887 3600 ea
905 3557 959 3612 qua
976 3533 1203 3606 demonstrantur
1220 3547 1382 3599 refusiones
1397 3548 1506 3597 oceani.
1542 3548 1618 3597 Satis
1632 3548 1812 3611 negligenter
1830 3549 1921 3610 scrip·

713 3662 716 3667 -
733 3636 853 3683 tuaest:
871 3646 956 3696 saepe
975 3641 1040 3684 ante
1058 3616 1166 3685 literam
1184 3634 1193 3683 ι·
1210 3633 1315 3697 legit-ur
1332 3649 1346 3681 c
1364 3645 1415 3695 pro
1435 3640 1462 3695 t,
1485 3634 1663 3707 utlimitccio
1682 3624 1793 3701 pericia
1818 3635 1921 3699 tocius',

729 3720 762 3764 et
786 3723 926 3782 sprec,
957 3722 988 3769 ut
1006 3720 1105 3783 satiet
1130 3720 1292 3785 inspitiens3
1319 3731 1370 3779 pro
1396 3734 1409 3767 c
1433 3732 1519 3782 saepe
1543 3722 1625 3771 labet
1650 3722 1696 3785 cis,
1721 3734 1778 3770 non
1804 3722 1868 3771 sola
1892 3722 1919 3770 lu

733 3812 805 3852 voce
829 3803 996 3865 orclanum,
1026 3818 1097 3866 qliae
1122 3806 1164 3860 siu
1188 3805 1275 3855 scribi
1297 3807 1371 3855 solet
1395 3806 1477 3855 etiam
1500 3807 1528 3857 in
1547 3807 1794 3859 aliis·codicitus:
1824 3822 1920 3868 verum

734 3886 943 3961 etiam'alioqui
965 3903 1051 3951 saepe
1070 3890 1180 3941 additur
1200 3890 1231 3953 t,
1264 3887 1340 3941 utin
1358 3891 1509 3962 pertenuis
1530 3894 1688 3946 cohercetor
1704 3894 1839 3944 instrictus
1857 3894 1920 3944 luis-

736 3970 808 4023 dcmr
834 3978 935 4025 contra
958 3975 1098 4049 omittitur
1113 3989 1199 4038 saepe
1216 3975 1244 4026 iu
1265 3976 1537 4044 rocihus'Graecis',
1564 3986 1594 4032 ut
1613 3982 1738 4044 legatur:
1769 3979 1922 4049 Ypocrntcs

728 4073 835 4125 operor
849 4061 901 4111 al:
928 4073 979 4123 pro
993 4060 1030 4129 pit
1049 4075 1134 4125 saepe
1153 4064 1234 4112 labet
1251 4064 1281 4125 f:
1300 4062 1468 4120 iuterdunrs
1487 4065 1598 4127 ponitur
1616 4079 1667 4127 pro
1685 4084 1717 4127 ιι,
1743 4072 1773 4116 ut
1791 4065 1923 4117 estimas.-

733 4158 784 4206 pro
803 4163 847 4197 mu
868 4149 949 4202 habet
970 4165 1021 4210 un,
1046 4155 1077 4198 ut
1093 4149 1226 4200 'sonnium
1248 4135 1393 4212 cooptare,
1416 4153 1516 4200 contra
1537 4165 1600 4215 supa
1622 4151 1650 4201 in
1674 4150 1839 4217 calumpnia
1858 4170 1921 4203 coo-

735 4237 884 4298 tempocre.
921 4234 1050 4286 collatus
1069 4241 1114 4286 est
1132 4248 1193 4284 cum
1217 4234 1283 4284 edit:
1303 4234 1411 4297 ltipout.
1428 4236 1568 4298 usqum-ad
1588 4236 1638 4302 lib.
1657 4236 1683 4300 Ι,
1699 4248 1761 4299 cap.
1778 4236 1831 4301 la,
1848 4236 1861 4301 ᾗ
1880 4238 1922 4286 ll.

735 4318 811 4366 llam·
824 4332 913 4381 usque
930 4321 963 4370 ad
982 4322 1054 4370 luunc
1072 4321 1162 4372 locum
1182 4325 1350 4382 pervenerat
1370 4320 1413 4370 vir
1431 4320 1612 4371 doctissimus
1631 4323 1841 4386 llolzapiel‚
1874 4337 1924 4373 su-

734 4401 876 4461 periorum
894 4387 1021 4454 ordinum
1039 4405 1162 4456 lierolini
1180 4404 1325 4469 magister,
1341 4418 1406 4455 cum
1425 4406 1471 4455 lo.
1488 4407 1666 4476 Franzius
1685 4408 1728 4459 vir
1739 4397 1923 4458 'clarissimus

734 4486 853 4549 mihique
875 4489 1061 4541 amicisslmus
1088 4492 1116 4543 in
1143 4491 1336 4543 bibliothecam
1361 4491 1573 4543 llerolinensem
1596 4507 1613 4545 a
1637 4507 1679 4544 me
1703 4498 1823 4557 rogatus
1847 4494 1923 4544 veuit

735 4572 906 4636 quaesitum,
934 4588 1006 4639 quae
1026 4576 1090 4628 inde
1111 4579 1212 4629 studiis
1236 4577 1305 4629 meis
1323 4576 1516 4628 Macrobianis
1535 4577 1662 4632 srrbsidia
1679 4582 1777 4630 essent
1794 4581 1924 4641 petenda.

735 4658 792 4722 (cr.
812 4672 873 4722 cap.
891 4655 983 4723 lv.'p‚
1001 4668 1087 4723 nvn.)
1122 4664 1189 4713 Milli
1213 4676 1268 4714 uon
1292 4663 1361 4713 tanti
1385 4676 1451 4714 esse
1474 4663 1634 4730 videbatur,
1656 4671 1687 4715 ut
1704 4666 1776 4715 hrrnc
1797 4651 1934 4715 codicem'

734 4756 824 4808 usque
851 4747 885 4796 ad
916 4742 998 4797 finem
1024 4762 1150 4799 curarem
1178 4762 1239 4800 cum
1266 4749 1418 4811 exemplari
1443 4749 1519 4811 typis
1546 4750 1689 4813 descripto
1715 4752 1924 4813 conterendum,

727 4844 819 4964 {num
842 4838 1014 4895 congrueret
1034 4835 1193 4896 plerumque
1212 4848 1272 4885 cnm
1296 4834 1370 4909 aliis·
1383 4836 1463 4899 meis,
1486 4834 1611 4897 inprimis
1630 4850 1691 4887 cum
1711 4824 1810 4886 codice
1830 4836 1879 4902 1³‚-
1896 4841 1925 4885 et

756 4918 971 4982 robustautum
994 4919 1068 4970 locis
1100 4915 1141 4984 (l,'
1162 4922 1191 4986 2,
1214 4921 1255 4970 16.
1283 4934 1344 4971 cum
1369 4908 1562 4994 uetustissimo
1589 4921 1642 4985 ¹²43
1671 4923 1697 4988 l,
1719 4923 1750 4985 8,
1775 4922 1801 4972 1.
1829 4920 1924 4985 solus)

734 5001 841 5051 rectius
867 4995 973 5065 olirp'uid
996 5018 1074 5067 quam
1099 5005 1187 5055 ceteri
1207 5004 1260 5055 mei
1282 5006 1397 5056 codices
1415 4988 1593 5068 suppeditare
1613 5006 1764 5060 videretur.
1798 5008 1924 5071 illusque

737 5087 850 5137 consilii
868 5088 976 5140 minime
995 5103 1037 5140 me
1062 5090 1383 5156 poenituit‚‚postquam
1402 5093 1534 5156 perspexi
1555 5093 1582 5143 ei
1600 5096 1684 5157 plane
1702 5094 1841 5158 geminum
1859 5106 1925 5144 esse

740 5172 866 5223 codicem
886 5175 1091 5225 Gothanum.
1326 5229 1331 5237 ,
1451 5169 1453 5174 ’

770 5258 822 5310 llic
841 5260 931 5310 codex
950 5260 1127 5313 Gothaous
1146 5257 1237 5326 et'qui¹
1254 5263 1381 5325 sequitur
1398 5263 1707 5315 liarmstadiensis
1725 5247 1842 5330 ex'cussi
1861 5269 1926 5315 snut

691 5352 710 5385 a
727 5342 760 5388 R
779 5344 925 5397 Osanna
944 5348 975 5398 V.
991 5346 1043 5416 cl,
1054 5338 1118 5415 ptri,
1135 5360 1206 5413 ptrue
1223 5347 1284 5399 eius
1303 5352 1348 5400 est
1365 5350 1530 5415 humanitas,
1549 5352 1580 5400 ut
1597 5361 1682 5411 supra
1701 5335 1926 5416 commemoravi,
