5092 6425
652 929 708 975 nvn
1097 897 1431 991 Pnolhtohtnltn.

652 1079 772 1136 telinum
792 1072 939 1146 praemisse
962 1087 1081 1142 poenam
1102 1079 1160 1126 αιιιι
1181 1087 1304 1125 caumas
1325 1087 1394 1123 usus
1416 1070 1559 1123 aestutiae.
1611 1067 1668 1122 Hae
1689 1085 1751 1122 aare
1771 1071 1879 1123 collecto

653 1164 732 1233 qansi
757 1160 898 1213 manuario
923 1158 1033 1211 manain
1056 1158 1201 1210 eurubotur
1225 1157 1344 1209 mnibus
1365 1156 1412 1222 qui
1432 1171 1491 1207 ιιιαι
1517 1155 1604 1206 iurans
1632 1155 1788 1209 tunsurus.
1823 1158 1877 1207 Sed

653 1246 788 1314 praviore
809 1246 925 1309 quadarn
950 1246 980 1294 et
1002 1242 1167 1294 honestiore
1196 1241 1309 1294 ratione
1333 1243 1386 1293 boc
1412 1240 1561 1293 consillum
1586 1239 1641 1292 sibi
1670 1241 1878 1304 ensequendnn

654 1345 721 1386 esse
745 1329 862 1394 putatia

721 1415 747 1466 ι.
781 1415 812 1464 lu
830 1410 1076 1479 praefatione,
1111 1414 1141 1461 ut
1164 1410 1219 1462 iam
1241 1409 1377 1476 diximus,
1408 1409 1522 1472 primurn
1545 1409 1707 1471 pronuntiat
1726 1421 1760 1459 se
1782 1405 1895 1459 lntllii'

654 1515 735 1554 usum
752 1512 787 1550 ea
807 1510 878 1562 quae
895 1498 958 1560 ipse
975 1496 1080 1560 legerit
1098 1497 1172 1547 velle
1190 1495 1384 1567 conscribere,
1403 1493 1493 1561 „ipsis
1512 1506 1597 1556 saepe
1616 1494 1710 1545 verbis
1727 1493 1827 1558 qnibns
1844 1495 1877 1544 ab

654 1587 725 1651 ipsis
745 1583 909 1636 auctoribus
926 1585 1058 1633 enarrata
1076 1578 1161 1631 siut.“
1196 1581 1275 1640 Quae
1291 1580 1474 1642 praetitiouis
1491 1592 1559 1642 pars
1577 1579 1718 1630 simillima
1735 1583 1781 1629 est
1790 1591 1880 1643 prae-

655 1670 756 1723 fationi
773 1667 872 1736 eellli,
904 1680 983 1731 quern
1002 1671 1093 1716 tamen
1112 1677 1147 1716 eo
1165 1667 1260 1715 studet
1276 1677 1412 1727 superare
1429 1663 1607 1729 Macrobius,
1639 1668 1756 1729 utnon,
1787 1663 1832 1714 sic
1851 1666 1880 1713 ut

655 1756 719 1822 ille,
745 1757 844 1825 ¹ututur
861 1751 958 1802 ordine
979 1749 1110 1815 fortuito,
1137 1762 1191 1812 quo
1209 1763 1279 1800 usus
1296 1749 1335 1799 sit
1352 1750 1381 1829 ln
1399 1750 1593 1814 excerpendo,
1621 1749 1672 1799 sed
1690 1761 1770 1810 apnnr
1788 1746 1881 1798 instar

656 1839 806 1907 „quicquid
823 1837 937 1888 diversa
954 1835 1077 1886 lectione
1100 1834 1275 1897 quaesiverit
1295 1833 1448 1884 committat
1468 1834 1550 1901 stilo,
1587 1833 1664 1885 utin
1683 1833 1807 1884 ordinem
1827 1845 1880 1883 eo·

656 1927 718 1977 dem
747 1925 893 1988 digerente
916 1922 1078 1983 coalescat,
1115 1925 1145 1969 et
1167 1931 1355 1985 quaecumque
1382 1919 1508 1969 hauserit
1534 1930 1591 1969 nou
1620 1918 1744 1986 patiatur
1765 1919 1880 1982 integra

657 2023 734 2074 esso,
754 2022 790 2060 ue
808 2007 902 2058 aliena
920 2006 987 2072 siut,
1005 2015 1141 2066 unumque
1158 1999 1208 2053 fiat
1223 2016 1259 2053 ex
1280 2004 1417 2068 omnibus,
1443 2003 1518 2053 sicut
1536 2016 1609 2053 uuus
1629 2015 1764 2062 uumerus,
1776 1999 1826 2053 fiat
1844 2014 1880 2052 ax

657 2094 794 2159 singulis,
816 2095 848 2143 ιιι
866 2091 1020 2161 quiodorn
1035 2089 1177 2162 pigmenta
1200 2083 1353 2139 conficiant
1373 2092 1439 2138 aute
1465 2087 1558 2139 omnia
1581 2093 1697 2155 curent,
1721 2090 1753 2138 nt
1775 2087 1880 2155 nullius

657 2180 715 2231 siut
733 2178 830 2230 odoris
848 2174 961 2241 propia,
985 2178 1014 2225 et
1029 2177 1075 2239 ut,
1099 2173 1227 2236 quamvis
1238 2174 1391 2231 ,multorum
1409 2171 1527 2223 vocibus
1551 2174 1655 2224 chorus
1674 2176 1803 2238 constet,
1826 2184 1881 2230 una

658 2270 749 2316 tamen
767 2278 804 2314 ax
816 2260 949 2312 omnibus
967 2256 1130 2324 reddatur“,
1148 2271 1218 2321 quas
1236 2257 1373 2322 imagines
1391 2262 1532 2308 mutuatus
1549 2261 1595 2309 est
1612 2255 1880 2319 assumserunt.

657 2350 795 2413 Additque
819 2359 852 2397 se
876 2350 973 2407 putare
996 2344 1046 2407 (ci.
1065 2344 1137 2394 Geli.
1159 2344 1249 2406 praet.
1274 2341 1361 2408 tto.)
1383 2342 1471 2408 „nihil
1491 2343 1570 2405 operi
1591 2342 1653 2393 huic
1677 2342 1811 2392 insertum
1834 2346 1882 2392 ant

659 2435 775 2499 cognitu
793 2430 891 2483 inutile
914 2431 962 2479 αιιι
980 2424 1093 2478 difficile
1118 2431 1267 2491 perceptu,
1301 2426 1351 2477 sed
1375 2427 1468 2477 omnin
1488 2427 1587 2490 quibus
1610 2426 1648 2476 slt
1669 2426 1811 2492 ingenium
1831 2421 1881 2476 filii

659 2518 799 2582 vegetius,
814 2513 947 2565 memoria
965 2511 1198 2578 adminiculatior,
1216 2510 1310 2563 oratio
1328 2511 1483 2577 sollertior,
1502 2505 1594 2562 sermo
1611 2511 1811 2574 incorruptior,
1826 2508 1882 2561 nlsi

659 2602 751 2654 sicubi
769 2612 801 2650 se
820 2600 871 2649 sub
895 2599 952 2647 allo
978 2602 1067 2647 ortum
1088 2597 1170 2646 caelo
1189 2596 1307 2646 Latinae
1323 2595 1443 2660 ¹liuguae
1461 2610 1534 2647 vena
1552 2609 1609 2647 non
1627 2596 1777 2663 adiuvet“,
1810 2607 1881 2659 quac

658 2699 707 2738 res
723 2685 750 2736 ei
767 2695 864 2734 ansam
879 2682 928 2732 dat
942 2680 1102 2744 proterendi
1118 2683 1156 2729 Μ.
1168 2678 1286 2732 Catonis
1303 2680 1386 2731 illude
1408 2679 1468 2732 Noc
1486 2686 1525 2745 tu,
1545 2680 1615 2733 Arrio
1640 2682 1751 2732 nimiunn
1764 2686 1884 2751 nugator

659 2786 701 2834 co,
727 2785 786 2820 eum
803 2766 923 2818 maluisti
940 2766 1045 2834 culpam
1063 2764 1200 2832 deprecari
1216 2780 1295 2830 quum
1312 2764 1391 2832 culpa
1408 2766 1509 2816 occari.
1553 2765 1603 2816 hcl
1625 2767 1658 2816 de
1675 2768 1716 2830 (c.
1733 2765 1773 2830 1.)
1793 2760 1882 2816 totins

661 2853 754 2918 operis
768 2851 903 2903 describit
919 2849 1066 2914 rationem,
1085 2849 1207 2914 dicitque
1220 2847 1435 2915 „saturnalibus
1453 2851 1525 2913 apud
1538 2853 1660 2902 Vettium
1675 2851 1882 2902 praetextatum

660 2941 803 2991 Romanae
821 2935 975 2987 nobilitatis
998 2947 1133 2997 proceres
1155 2936 1313 2999 doctosque
1334 2935 1408 2986 allos
1428 2942 1637 3001 congregatos,
1672 2936 1806 2987 convivia
1828 2935 1882 2987 sibl

659 3027 754 3076 mutua
776 3021 907 3093 comitate
928 3020 1116 3084 praebentes,
1137 3021 1238 3082 duplex
1259 3019 1409 3071 instituere
1427 3020 1642 3084 disputationum
1660 3035 1765 3084 genus,
1784 3025 1817 3072 ut
1833 3033 1884 3084 per

660 3121 742 3163 omne
764 3106 884 3170 spatium
907 3105 1039 3156 feriarum
1063 3104 1204 3155 meliorem
1230 3105 1285 3155 diei
1305 3093 1411 3167 partem
1430 3107 1515 3157 serlls
1539 3106 1773 3171 disputationibus
1797 3118 1885 3157 occu·

660 3197 762 3259 pantes
785 3203 894 3243 coenae
917 3196 1043 3254 tempore
1067 3201 1196 3241 sermone
1217 3189 1382 3241 iucundiore
1404 3195 1532 3257 utamur,
1565 3198 1596 3243 ιιι
1613 3192 1713 3243 babeat
1731 3191 1883 3265 voluptatis

661 3280 788 3343 amplius,
802 3275 968 3328 severitatis
984 3275 1086 3341 miuus,
1105 3275 1196 3338 qualis
1215 3276 1253 3339 sit
1270 3276 1299 3326 in
1315 3276 1443 3327 Platonis
1461 3275 1639 3341 sp·rnposio“,
1655 3277 1795 3340 additque,
1808 3277 1883 3339 quod

661 3378 723 3416 cunr
733 3363 916 3416 Praetextato
934 3359 964 3409 iu
981 3361 1035 3410 hoc
1055 3366 1138 3411 coetu
1151 3360 1329 3411 coniunxerit
1347 3361 1471 3412 homiues
1487 3366 1582 3414 aetate
1600 3363 1685 3412 multo
1703 3363 1838 3427 minores,
1855 3361 1883 3412 lt

661 3450 789 3502 Platonis
806 3439 941 3512 excusari
956 3445 1099 3511 exemplo,
1122 3446 1225 3509 quain
1240 3458 1272 3495 re
1291 3446 1428 3497 Athenaei
1447 3447 1546 3508 premit
1563 3446 1695 3509 vestigia.
1730 3448 1799 3497 Turn
1817 3447 1883 3498 Pia·

661 3534 737 3585 tonis
755 3519 868 3583 imitans
887 3530 1051 3581 Conuiuium
1068 3530 1111 3590 (iu
1131 3530 1212 3581 cuius
1236 3532 1354 3581 exordio
1372 3531 1518 3582 tbmiliaris
1534 3544 1573 3581 en
1589 3534 1762 3593 Apollodoro
1782 3532 1884 3582 scisci-

662 3621 752 3681 tatur,
786 3616 831 3679 qui
857 3627 1003 3665 sermones
1028 3616 1062 3663 de
1084 3626 1179 3664 amore
1204 3615 1289 3665 babiti
1309 3615 1412 3666 tuerint
1429 3616 1456 3666 iu
1474 3617 1630 3680 Agathonis
1648 3616 1802 3679 conviviop
1835 3617 1884 3667 ills

662 3697 753 3753 autem
769 3699 863 3762 ipsum·
875 3699 983 3771 quidem
1003 3698 1043 3747 ait
1061 3711 1093 3747 se
1109 3711 1164 3748 non
1182 3695 1346 3750 interfuisse
1365 3701 1499 3751 convivio
1506 3736 1515 3767 ,
1533 3702 1583 3768 sed
1598 3701 1690 3751 omnia
1709 3701 1884 3764 comperisse

663 3788 698 3837 ab
722 3783 900 3834 Aristodemo
925 3783 1057 3845 quodam)
1081 3783 1150 3832 lacit
1175 3784 1215 3847 (c.
1233 3781 1273 3847 2.)
1301 3784 1414 3835 Decium
1440 3786 1532 3836 Albini
1552 3781 1638 3835 fillum
1663 3799 1681 3835 a
1702 3786 1884 3836 Postumiana

664 3872 853 3934 quaerentem,
877 3866 1091 3933 „interfueritne
1110 3868 1242 3917 convivio
1259 3881 1310 3930 per
1329 3871 1537 3932 complusculos
1560 3870 1621 3920 dies
1644 3872 1777 3922 continua
1798 3873 1899 3923 comi.

664 3959 723 4008 tate
744 3957 884 4004 renovato
906 3952 987 4015 elque
1007 3952 1128 4002 sermoni
1146 3966 1225 4016 quem
1243 3954 1410 4015 praedicare
1430 3953 1459 4005 in
1479 3955 1574 4017 p'rimls
1598 3957 1647 4006 iile
1668 3956 1808 4024 dicatur“,
1840 3956 1886 4008 eni

663 4039 718 4089 illa
730 4051 787 4089 nou
805 4037 968 4088 interfuisse
988 4050 1019 4087 se
1038 4037 1079 4086 alt
1093 4048 1241 4088 causarum
1260 4040 1429 4101 quorundam
1445 4040 1609 4103 cognitione
1625 4040 1805 4106 prohibitum,
1835 4042 1884 4091 sei

663 4125 801 4175 hortatum
818 4133 901 4189 ense,
930 4128 960 4173 ut
978 4135 1028 4184 pro
1045 4134 1077 4172 se
1094 4122 1206 4173 Vettius
1222 4122 1357 4183 invitaret
1372 4125 1521 4175 Eusebium
1539 4127 1693 4191 rhetorem,
1721 4126 1768 4189 qni
1785 4126 1885 4177 deiude

663 4212 693 4260 et
710 4222 781 4272 quae
798 4208 859 4271 ipse
879 4208 1006 4258 audisset
1023 4210 1052 4259 et
1068 4221 1139 4270 quae
1157 4208 1245 4270 pridie
1265 4209 1426 4264 saturnalia
1446 4210 1587 4272 disputata
1608 4211 1642 4260 ab
1660 4209 1770 4260 Avieno
1791 4210 1818 4260 el
1838 4223 1886 4262 ras

653 4295 722 4366 ,lata
740 4297 838 4344 essent
853 4293 907 4344 sibi
926 4294 1090 4356 exposuerit
1108 4293 1209 4344 omnia.

731 4377 847 4427 Pridie
869 4377 1086 4439 Saturnalia,
1105 4377 1195 4441 iuquit
1212 4375 1240 4442 (p
1259 4376 1333 4440 lb),
1355 4377 1487 4428 Aurelius
1505 4380 1688 4441 Symmachus
1709 4382 1739 4430 et
1757 4376 1884 4430 buccina

663 4460 781 4511 Alblnns
799 4473 860 4510 cum
878 4459 980 4512 Servio
999 4462 1181 4524 grammatico
1201 4463 1391 4512 veneruntad
1414 4462 1537 4513 Vettium
1555 4463 1779 4527 Praetextaturu,
1811 4465 1884 4526 apud

664 4557 744 4607 quem
771 4545 845 4594 torte
868 4544 972 4595 Furius
994 4546 1112 4602 Albinus
1136 4549 1166 4596 et
1185 4546 1311 4597 Avienus
1340 4539 1437 4612 erant,
1472 4561 1532 4599 cnm
1554 4549 1613 4599 illo
1631 4536 1828 4612 colloquentes
1852 4549 1886 4600 do

664 4634 790 4690 tempore
817 4642 871 4691 quo
895 4630 1038 4681 crastinus
1058 4632 1119 4681 dies
1141 4630 1247 4681 initium
1272 4645 1383 4684 sumere
1406 4632 1607 4684 existimandus
1629 4638 1717 4684 esset.
1768 4633 1830 4683 illis
1851 4633 1886 4684 ni

617 4700 620 4706 ’
665 4712 833 4776 colloquium
849 4714 975 4764 inritatis
995 4715 1064 4766 dicit
1081 4715 1205 4766 Caecina
1222 4718 1262 4780 (s.
1278 4718 1313 4779 b,
1332 4697 1404 4780 quod
1422 4718 1528 4780 quidem
1545 4731 1635 4779 paena
1653 4721 1741 4767 totnrn
1758 4730 1778 4767 e
1791 4717 1886 4768 ticillo

664 4801 710 4847 est
725 4798 911 4860 desumptum)
933 4800 1004 4859 apud
1025 4799 1100 4858 alios
1119 4799 1176 4849 alio
1196 4806 1321 4862 ternpore
1338 4802 1463 4865 incipere
1482 4802 1567 4867 ιῖιαιιι,
1597 4804 1649 4852 sed
1665 4803 1738 4865 apud
1755 4802 1885 4865 populun

664 4883 818 4931 Romanurn
844 4883 948 4932 docere
972 4884 1125 4935 Varronem
1153 4897 1172 4933 a
1198 4887 1289 4936 taedia
1316 4890 1400 4940 nocto
1422 4898 1510 4949 usqne
1533 4888 1567 4937 ad
1593 4870 1745 4950 proximam
1771 4887 1888 4946 media·

664 4970 774 5016 nocteru
795 4966 865 5016 diem
885 4968 1009 5029 quemvis
1027 4968 1169 5031 protendi,
1187 4973 1215 5018 et
1238 4970 1337 5020 delude
1356 4971 1485 5021 versibus
1501 4971 1662 5034 quibusdam
1685 4971 1800 5035 Virgilii
1819 4984 1888 5033 prs-

663 5049 730 5099 latis
756 5050 880 5111 disputat
905 5052 939 5100 de
964 5052 1019 5101 diei
1039 5052 1131 5101 civilis
1154 5052 1383 5117 dlvlsloue‘apud
1401 5043 1553 5106 Romanos.
1603 5057 1655 5116 Qui
1681 5060 1711 5106 ut
1731 5055 1887 5119 peroravit,

664 5136 789 5185 Avienus
809 5136 849 5199 (o.
869 5134 908 5199 t.)
927 5136 1014 5186 Furio
1038 5136 1066 5186 ln
1091 5149 1184 5186 aurem
1208 5151 1361 5189 susurrans
1384 5140 1546 5203 iccircoque
1563 5153 1581 5190 a
1598 5125 1783 5191 Praetextato
1799 5141 1889 5189 inter-

664 5226 782 5284 rogatus
800 5220 867 5271 dicit
884 5233 969 5271 aures
986 5234 1055 5272 suas
1073 5223 1229 5285 perculisse
1247 5224 1400 5277 novitatem
1417 5228 1567 5276 verborum
1586 5232 1662 5277 noete
1678 5226 1778 5290 futuru
1797 5229 1827 5275 et
1847 5223 1890 5273 dis

664 5305 775 5357 croatiae·
792 5319 863 5369 quae
879 5306 1028 5371 protulerit
1046 5308 1182 5375 caecina,
1204 5311 1232 5360 et
1249 5314 1398 5374 praeterea
1415 5322 1447 5360 se
1466 5308 1575 5376 mirari,
1599 5322 1652 5363 cur
1671 5309 1888 5362 Saturnalium
