5092 6425
716 920 779 987 lto
1137 932 1140 937 '
1194 917 1403 985 macunen
1483 942 1485 949 ·

665 1109 809 1181 [tenpore
831 1089 933 1155 medio
955 1089 1040 1153 dicit:
1080 1087 1211 1152 medium
1231 1101 1328 1153 autem
1350 1089 1434 1152 illum
1456 1099 1483 1152 ct
1500 1088 1668 1151 montinum
1688 1085 1760 1150 solis
1780 1087 1892 1151 ardore

713 1179 833 1244 torreri.
877 1176 955 1242 Cum
982 1194 1055 1257 ergo
1083 1172 1243 1238 manifeste
1269 1184 1301 1238 et
1325 1174 1457 1260 rigorem
1479 1174 1525 1237 'de
1556 1172 1630 1237 caeli
1663 1170 1832 1237 verticibus
1859 1181 1891 1237 et

715 1264 867 1330 fervorem
891 1261 928 1325 de
955 1260 1020 1325 sole
1047 1260 1202 1324 interrae
1228 1260 1367 1346 cingulos
1395 1259 1500 1324 venire
1528 1258 1713 1344 signaverit,
1754 1259 1892 1334 ostendit

686 1347 801 1437 llprius
824 1346 962 1412 incaelo
988 1344 1045 1410 hos
1066 1347 1190 1410 eosdem
1215 1347 1354 1432 cingulos
1376 1345 1559 1413 constitisse.
1609 1345 1714 1421 Nune,
1742 1345 1890 1430 quoniam
1979 1364 1981 1369 ¹

714 1435 852 1501 constitit
870 1432 992 1497 easdem
1013 1431 1045 1495 in
1064 1432 1148 1496 caelo
1169 1433 1251 1496 etin
1270 1443 1351 1497 terra
1372 1452 1464 1496 zonas
1483 1451 1551 1496 esse
1569 1429 1618 1495 vel
1638 1430 1778 1515 cingulos
1799 1431 1890 1510 (haec

716 1521 799 1587 enim
818 1519 910 1587 unius
931 1518 975 1583 rei
998 1518 1060 1582 duo
1083 1526 1155 1582 sunt
1177 1518 1328 1595 nomina),
1350 1518 1410 1582 iam
1431 1515 1595 1582 dicendum
1614 1523 1670 1594 est,
1692 1537 1773 1602 quae
1798 1538 1890 1582 causa

669 1605 748 1671 ldin
777 1604 902 1671 aethere
926 1603 1005 1669 hanc
1033 1602 1239 1668 diversitatem
1265 1603 1421 1689 qualitatis
1449 1602 1569 1668 efficiat.
1611 1602 1739 1666 Pemsta
1765 1602 1891 1667 duobus

716 1691 843 1778 tropicis
865 1689 1026 1763 clauditur,
1047 1688 1077 1752 id
1101 1697 1148 1753 est
1168 1711 1184 1754 a
1206 1690 1233 1755 G
1254 1690 1284 1753 in
1307 1691 1336 1755 P
1354 1689 1479 1766 aestivo,
1500 1696 1531 1752 et
1547 1687 1591 1752 ab
1608 1688 1639 1752 F
1652 1687 1683 1751 in
1707 1687 1892 1764 (thiemari.

717 1777 766 1844 Ab
784 1778 815 1842 F
828 1785 930 1841 autem
950 1776 980 1838 in
999 1774 1200 1840 ondiacum
1218 1775 1420 1841 describendo
1440 1774 1655 1860 perduximus:
1675 1793 1747 1857 ergo
1764 1774 1891 1860 signum

716 1862 900 1947 Ptropicus
922 1862 972 1925 ille
994 1860 1112 1942 Cancer
1132 1861 1291 1938 habeatur,
1314 1870 1345 1926 et
1364 1863 1484 1946 signum
1505 1862 1537 1924 F
1550 1859 1764 1944 Capricornus.
1807 1861 1891 1926 Con·
1982 1924 1984 1945 ¹

718 1956 779 2014 stat
801 1956 904 2012 autem
928 1947 1022 2012 solem
1046 1968 1147 2032 neque
1172 1968 1294 2012 sursum
1320 1948 1401 2012 ultra
1425 1946 1576 2013 Cancrum
1600 1966 1702 2031 neque
1729 1944 1811 2010 ultra
1832 1946 1892 2011 Ca·
1981 1950 1984 1961 '

717 2033 896 2120 pricornum
918 2032 1061 2097 deorsum
1086 2054 1203 2109 meare,
1224 2033 1276 2098 sed
1300 2054 1369 2098 cum
1393 2033 1431 2097 ad
1454 2032 1642 2117 tropicorum
1665 2030 1797 2096 conlinia
1821 2053 1891 2118 per-

672 2120 706 2185 ll
721 2119 852 2195 venerit,
878 2140 949 2183 mox
971 2118 1097 2182 reverti:
1134 2119 1216 2184 unde
1238 2128 1270 2184 et
1291 2119 1419 2184 solstitia
1441 2127 1599 2184 vocantur.
1643 2118 1684 2182 Et
1705 2117 1777 2202 quia
1799 2119 1892 2183 aesti-

720 2226 778 2271 rus
797 2213 847 2270 tro
871 2208 935 2269 icus
959 2213 1145 2290 temperatae
1169 2213 1292 2270 nostrae
1314 2205 1464 2270 terminus
1484 2212 1544 2281 est,
1583 2202 1653 2268 ideo
1681 2223 1750 2267 cum
1779 2205 1825 2269 sol
1853 2206 1890 2269 ad

720 2290 821 2377 ipsum
846 2226 938 2356 inem
958 2290 1093 2367 venerit,
1121 2290 1192 2356 lacit
1211 2292 1301 2356 nobis
1323 2291 1454 2356 aestivos
1476 2289 1592 2354 calores
1614 2289 1653 2353 de
1674 2288 1775 2353 vicino
1796 2311 1892 2356 urens

721 2398 815 2442 sensu
836 2378 953 2442 maiore
974 2376 1121 2442 subiecta.
1164 2378 1221 2443 Illo
1247 2377 1381 2463 denique
1406 2385 1547 2461 tempore
1568 2374 1693 2440 australi
1716 2377 1821 2459 generi
1844 2398 1892 2442 re·

721 2463 800 2528 terti
830 2461 964 2527 hiemem
992 2484 1054 2527 non
1083 2471 1185 2547 potest
1210 2463 1339 2548 ambigi,
1378 2463 1456 2548 quia'
1476 2470 1550 2526 tunc
1578 2461 1616 2525 ab
1645 2460 1704 2525 illis
1732 2462 1777 2525 sol
1806 2463 1891 2527 omni

722 2548 789 2612 viae
809 2568 882 2612 suae
911 2549 1009 2632 spatio
1033 2547 1155 2612 recedit.
1198 2551 1333 2625 Rursus,
1367 2570 1435 2614 cum
1459 2548 1496 2613 ad
1519 2549 1551 2611 F
1566 2547 1702 2631 signum,
1732 2546 1761 2611 id
1785 2557 1833 2612 est
1854 2549 1893 2614 ad

723 2631 961 2716 Capricornum,
983 2633 1118 2709 venerit,
1139 2632 1209 2699 lacit
1227 2635 1317 2699 nobis
1341 2634 1472 2699 hiemem
1495 2654 1618 2698 recessu
1636 2654 1693 2697 suo
1715 2643 1747 2697 et
1767 2633 1827 2698 illis
1848 2637 1894 2700 vi·

675 2718 713 2784 12
723 2716 847 2782 ciuitate
877 2718 996 2782 reducit
1023 2727 1179 2783 aestatem.
1223 2721 1282 2785 Hic
1309 2721 1479 2785 notandum
1507 2727 1555 2784 est
1581 2717 1619 2783 de
1648 2717 1746 2783 tribus
1769 2727 1893 2786 tantum

722 2801 898 2867 cardinibus
921 2803 953 2866 in
975 2825 1203 2890 quamcumque
1221 2807 1327 2871 aedem
1350 2806 1468 2892 ingredi
1489 2806 1594 2882 solem,
1613 2806 1651 2869 de
1692 2812 1782 2871 uarto
1803 2829 1895 2872 num·

722 2908 825 2974 quam.
879 2889 957 2953 Nam
986 2898 1018 2953 et
1043 2889 1082 2955 ab
1110 2899 1180 2955 ortu
1212 2901 1242 2956 et
1270 2893 1309 2956 ab
1336 2913 1446 2957 occasu
1479 2891 1611 2957 fenestra
1644 2827 1740 2955 solem
1774 2893 1893 2978 recipit,

721 2973 837 3073 quippe
858 2994 950 3059 quem
973 2974 1124 3040 orientem
1148 2978 1379 3063 obeuntemque
1399 2986 1586 3064 prospectet:
1605 2977 1715 3062 recipit
1735 2985 1803 3042 eta
1826 3000 1893 3044 me·

720 3059 815 3138 ridie,
837 3061 908 3145 quia
934 3082 1025 3126 omne
1050 3062 1109 3128 iter
1130 3064 1203 3130 solis
1226 3065 1256 3128 in
1280 3072 1386 3129 nostro
1408 3065 1536 3130 meridie
1554 3071 1616 3140 est,
1638 3071 1675 3128 ut
1700 3062 1825 3129 instruit
1848 3068 1892 3132 ri-

788 3232 858 3284 lllss.
879 3232 1105 3297 [tarsensem]

717 3319 946 3385 partcom.111.
1099 3326 1125 3370 8.
1163 3321 1229 3372 Ideo
1248 3337 1350 3388 pnopnc
1372 3321 1405 3371 G.
1434 3348 1464 3357 -
1494 3320 1570 3372 illum
1594 3320 1656 3376 add.
1674 3336 1691 3371 a
1709 3337 1766 3371 sec.
1784 3337 1820 3372 m.
1839 3323 1891 3373 Rl.

724 3413 751 3422 -
781 3386 844 3436 Cum
863 3403 938 3438 uero
960 3387 993 3438 G.
1016 3416 1050 3427 -
1074 3400 1097 3440 et
1113 3392 1253 3449 manifecte
1273 3389 1302 3438 F.
1324 3418 1356 3427 -
1380 3390 1570 3456 designaverit
1589 3387 1619 3438 F.
1641 3417 1675 3429 -
1700 3390 1728 3439 in
1746 3390 1818 3440 coelo
1836 3391 1893 3442 lroc

719 3454 823 3505 cosdem
841 3452 871 3503 F.
899 3483 932 3493 -
962 3458 1109 3508 constitisse
1131 3456 1516 3509 Bcsttruvicuotunrtm.
1565 3458 1744 3509 conditariam
1764 3458 1892 3509 s-tPtte.

721 3522 930 3640 ἓωμσξεῖξῐὲ
1031 3600 1041 3645 t
1069 3524 1488 3645 5'slfgssgititalsslijpzu‘
1524 3526 1716 3655 copsispiittl.t
1741 3527 1893 3654 connp'jtusst

747 3605 873 3640 ,ests
927 3609 1063 3642 .ronsa
1203 3612 1335 3645 .-snn
1385 3612 1419 3644 uo
1463 3617 1526 3645 .-
1565 3610 1684 3644 menum
1717 3610 1813 3646 omes
1884 3633 1891 3647 .

721 3655 842 3706 dicendo
860 3663 1008 3722 (ruptim)
1027 3669 1064 3712 est
1083 3660 1116 3711 G.
1274 3666 1314 3713 10.
1349 3663 1456 3729 tropicis
1474 3660 1621 3713 duodusF.
1648 3689 1673 3700 -
1704 3664 1743 3713 ud
1759 3679 1782 3731 g
1801 3663 1891 3728 v·gG.

724 3748 753 3759 —
778 3730 922 3790 tempore
944 3730 1043 3778 aestino
1067 3746 1121 3777 s-z.
1157 3728 1248 3795 „Quis
1270 3730 1316 3781 vel
1338 3729 1488 3781 somniavit
1510 3746 1630 3795 unquam
1655 3731 1892 3796 aequinoctialem

720 3788 788 3840 aliis
811 3791 926 3857 tropicis
949 3794 1040 3845 claudi
1069 3795 1189 3857 aestivo,
1225 3798 1292 3849 oliis
1318 3797 1436 3848 hiberno
1465 3796 1610 3863 tempore?
1645 3798 1791 3850 Furtirorn
1817 3799 1892 3850 illud

720 3864 835 3922 tempore
857 3874 908 3908 uec
928 3861 1036 3925 primae
1058 3862 1196 3913 editiones
1216 3882 1266 3915 uec
1289 3865 1424 3916 librorum
1447 3867 1614 3932 scriptorum
1639 3867 1784 3933 qnisquam
1803 3882 1893 3934 ogno-

721 3923 805 3975 seit.“
829 3925 915 3978 Gron.
941 3955 973 3966 -
1006 3930 1129 3980 duximus
1147 3937 1222 3997 (sup.
1241 3934 1304 3983 odd.
1321 3939 1381 3999 per]
1407 3935 1456 3984 lll.
1484 3963 1518 3974 -
1548 3936 1584 3985 od
1601 3936 1758 4002 tropicornm
1776 3937 1892 4001 confinia

721 3992 788 4043 Mss.
805 3993 843 4055 (B
857 3996 951 4061 oficio)
969 3996 1342 4053 Eddltosstttrattteumr.
1377 4003 1413 4052 nd
1425 4004 1562 4069 tropicum
1576 4005 1689 4069 confinia
1707 4003 1745 4053 Pe
1758 4003 1893 4064 „chert.“

721 4061 806 4113 Gron.
859 4065 895 4115 od
917 4067 1073 4133 tropicarum
1097 4069 1181 4131 sinin
1206 4070 1253 4122 W.
1306 4072 1343 4121 od
1366 4073 1523 4138 tropicorum
1548 4073 1647 4140 signo
1673 4072 1766 4135 „litter
1788 4076 1892 4122 vetus“

721 4130 808 4183 Gron.
826 4133 864 4194 (0
885 4150 946 4200 sup.
965 4134 1026 4195 liu.)
1050 4135 1147 4187 fleon.
1198 4141 1233 4189 ad
1256 4140 1395 4207 tropicum
1414 4140 1545 4207 signum
1569 4140 1683 4202 ‚‚alter“
1703 4139 1788 4190 Grorr.
1814 4138 1892 4200 (La).

720 4199 838 4265 „Possis
858 4202 995 4267 dubitare,
1015 4210 1107 4254 utrum
1129 4205 1167 4256 sit
1183 4208 1361 4257 scribendum
1381 4223 1442 4257 cum
1461 4207 1612 4257 chartaceo
1631 4209 1667 4258 od
1685 4209 1812 4274 tropicttm
1830 4226 1893 4260 con·

713 4269 786 4335 finio
804 4287 838 4321 on
857 4273 894 4322 ud
911 4274 1066 4339 tropicorrrm
1079 4275 1192 4339 finem.‘'·
1213 4276 1298 4326 Gron.
1335 4277 1398 4338 „Ad
1412 4276 1568 4341 tropicarum
1584 4277 1699 4341 confinia
1717 4276 1894 4327 hauddubie

720 4341 765 4387 est
781 4354 848 4389 vero
866 4338 965 4398 lectio,
988 4341 1022 4389 de
1041 4357 1095 4406 qrra
1115 4343 1272 4395 Gronovius
1290 4359 1341 4394 non
1361 4350 1438 4393 recte
1458 4342 1596 4394 cirotmtr‘
1621 4344 1706 4394 chn.
1728 4339 1768 4382 -—'
1783 4346 1894 4397 venerit

719 4402 841 4454 CFDPG.
859 4432 892 4441 —
911 4407 981 4456 rende
996 4413 1064 4467 (om.
1084 4416 1122 4470 ct)
1140 4410 1170 4460 F.
1325 4414 1366 4462 11.
1401 4411 1523 4461 vicinus
1538 4419 1611 4476 (sup.
1631 4413 1769 4470 termissus)
1786 4419 1826 4463 est
1840 4413 1892 4463 Rl.

720 4496 755 4510 -
780 4479 809 4523 ct
827 4474 885 4523 ideo
908 4471 937 4521 C.
959 4500 994 4513 ·-
1013 4480 1173 4542 pervenerit
1195 4474 1299 4528 011Tn.
1324 4507 1352 4516 -
1380 4497 1433 4530 non
1447 4486 1533 4545 polest
1550 4481 1652 4549 ambigi
1670 4480 1799 4544 ...fucit
1815 4482 1895 4533 nodis

721 4538 829 4590 hiemem
847 4541 910 4591 add·
929 4540 956 4592 iu
977 4559 1002 4592 m
1027 4543 1081 4593 .C.
1110 4573 1145 4586 -
1165 4547 1235 4612 fucit
1253 4546 1362 4598 lricmcm
1379 4548 1452 4599 nobis
1475 4547 1598 4616 Eddsl’.
1621 4577 1654 4587 -
1680 4549 1817 4600 vicinitate
1832 4566 1894 4601 suo

721 4603 752 4654 F.
906 4612 947 4660 12.
984 4611 1001 4661 1
1018 4630 1051 4662 oc
1073 4612 1104 4663 1³.
1129 4643 1164 4654 -
1192 4614 1282 4665 oedem
1303 4615 1449 4684 lllss.v·g0
1467 4616 1555 4679 „Mon
1573 4617 1689 4666 omnes“
1707 4617 1793 4666 Gron.
1839 4634 1894 4668 co-

720 4673 779 4724 dem
797 4672 828 4724 l).
865 4676 984 4729 domum
1002 4696 1057 4730 s·z.
1075 4710 1109 4719 -
1129 4683 1199 4734 Nom
1217 4689 1287 4743 (om.
1305 4690 1343 4744 et)
1362 4684 1413 4735 Rl.
1432 4710 1465 4722 -
1482 4685 1680 4752 abeuntemque
1697 4683 1720 4734 F
1738 4701 1753 4735 c
1770 4700 1842 4736 corr.
1857 4714 1894 4724 -

755 4844 779 4890 9.
815 4844 940 4914 constitit]
962 4847 1021 4897 l'id.
1044 4853 1100 4898 not.
1123 4849 1157 4900 od
1182 4850 1210 4913 1,
1235 4855 1277 4916 16,
1364 4855 1404 4902 12.
1440 4854 1468 4904 in
1491 4869 1681 4921 quamcumque
1704 4851 1806 4919 oedem]
1835 4854 1894 4905 Ex-

722 4910 763 4959 10.
1329 4921 1423 4986 emplu
1439 4921 1567 4974 vombrrli
1586 4922 1664 4972 aedes
1683 4921 1823 4988 singulari
1840 4939 1894 4973 nu-

754 4981 795 5027 10.
831 4978 946 5043 tropicns
960 4980 1005 5030 illc
1021 4982 1122 5049 cancer]
1142 4984 1184 5036 Cf,
1200 4985 1277 5050 1‚12,
1330 5004 1406 5038 mero
1430 5006 1480 5053 pro
1510 4989 1590 5040 donro
1621 4989 1733 5056 privetu
1761 4992 1895 5055 usurpati

718 5050 754 5110 2,
774 5042 831 5094 Sul.
852 5044 874 5108 1,
896 5050 935 5108 tr,
955 5047 983 5113 §§
1001 5052 1035 5098 26
1053 5056 1081 5100 ot
1099 5055 1140 5103 63.
1330 5056 1450 5121 collegit
1472 5055 1677 5108 Stollbaumius
1700 5060 1734 5108 od
1758 5058 1893 5111 Ruddim.

753 5117 796 5165 11.
833 5114 969 5181 adipsum
982 5119 1077 5189 finem]
1100 5119 1159 5171 i.c.
1179 5121 1279 5175 adoe—
1329 5121 1777 5193 lustit.Grumrn.lmt.t.1,'p.
1799 5130 1858 5179 lot.
1894 5161 1900 5176 .

718 5182 822 5234 sticum
843 5182 989 5249 tropicum.

753 5251 1198 5321 a
1234 5256 1278 5310 ον-
1345 5219 1670 5342 1
1690 5244 1714 5280 ²·

716 5317 1158 5393 c.⁵,§§rc,1r‚ecc.c,§,r.
1238 5332 1289 5360 w
1404 5367 1410 5382 ,
1530 5375 1534 5381 ,
1651 5330 1659 5347 ·
