5092 6425
755 906 893 974 COMM.
915 906 960 974 IN
980 904 1107 973 SOMN.
1129 903 1228 971 SCIP.
1270 906 1345 982 ΠΒ.
1368 906 1391 971 Ι.
1435 907 1525 974 GAP.
1545 911 1585 976 X.
1606 913 1660 978 XI.
1752 917 1794 982 dr

620 1078 744 1166 tyranni
767 1076 889 1154 volens,
915 1097 1007 1174 quarn
1029 1083 1179 1161 perpetuo
1202 1083 1289 1140 metu
1315 1075 1426 1140 misera
1447 1097 1603 1164 quamque
1626 1081 1795 1168 inpenden-

619 1168 700 1232 tium
721 1184 843 1248 semper
865 1162 1072 1247 pcuculorum
1094 1162 1183 1246 plena
1206 1169 1301 1237 esset,
1328 1161 1505 1241 ostendere,
1533 1165 1667 1248 gladium
1689 1172 1797 1254 vagina

619 1258 744 1336 raptum
771 1255 803 1313 et
828 1269 845 1312 a
874 1248 982 1332 capulo
1009 1246 1047 1311 de
1076 1247 1127 1311 lilo
1153 1247 1239 1311 tenui
1268 1247 1453 1331 pendentem
1485 1271 1631 1315 mucrone
1663 1252 1796 1321 demisso

620 1336 712 1402 iussit
729 1332 888 1407 familiaris
911 1333 993 1397 illius
1019 1332 1111 1416 capiti
1135 1332 1215 1396 inter
1240 1332 1346 1416 epulas
1370 1333 1545 1399 imminere:
1585 1358 1718 1424 cumque
1744 1341 1796 1407 ille

620 1431 653 1488 et
675 1421 793 1486 Siculas
812 1426 844 1484 et
863 1418 1037 1504 tyrannicas
1056 1418 1159 1502 copias
1179 1417 1349 1503 praesentis
1369 1420 1477 1483 mortis
1500 1421 1636 1505 periculo
1657 1447 1796 1510 gravare-

620 1516 688 1573 tur:
716 1505 799 1572 Talis
821 1511 883 1582 est,
908 1504 1011 1589 inquit
1030 1503 1214 1589 Dionysius,
1240 1502 1303 1568 vita
1324 1523 1417 1652 quam
1440 1505 1560 1570 beatam
1581 1511 1724 1592 putabas:
1752 1513 1796 1578 sic

620 1613 743 1676 semper
773 1598 904 1655 mortem
934 1589 1024 1654 nobis
1043 1588 1265 1653 ¹imminentem
1293 1588 1322 1653 vi
1346 1609 1447 1653 emus:
1489 1592 1632 1671 aestima,
1671 1600 1795 1682 quando

621 1700 689 1744 esse
709 1677 782 1742 felix
805 1675 919 1761 poterit
940 1675 995 1760 qui
1015 1674 1125 1738 timere
1148 1695 1211 1738 non
1233 1673 1354 1738 desinit.
1397 1674 1573 1740 Secundum
1595 1679 1671 1744 haec
1693 1683 1794 1766 igitur,
1807 1690 1846 1758 l’l

622 1785 702 1849 quae
722 1785 740 1828 a
760 1761 913 1846 theologis
935 1759 1134 1836 adseruntur,
1165 1759 1191 1824 si
1213 1779 1285 1824 rere
1306 1761 1429 1846 quisque
1452 1783 1523 1826 suae
1537 1766 1676 1859 pau'mur
1695 1791 1796 1834 manes

620 1858 653 1914 et
672 1848 787 1913 inferos
808 1847 840 1911 in
862 1846 910 1911 his
931 1845 1111 1931 corporibus
1132 1865 1199 1910 esso
1223 1844 1390 1920 credimus,
1413 1845 1487 1929 quid
1510 1846 1593 1912 ahud
1616 1850 1796 1937 intellegen-

621 1934 698 1998 dum
718 1940 766 1997 est
787 1953 880 2018 quam
902 1931 980 1998 mori
1002 1930 1152 2008 animam,
1191 1951 1261 1995 oum
1286 1930 1325 1994 ad
1347 1931 1484 2016 corporis
1505 1932 1626 2000 interna
1645 1936 1796 2025 demergi-

621 2028 689 2097 tur,
709 2018 811 2084 vivere
832 2024 949 2095 autem,
971 2037 1042 2082 cum
1060 2015 1099 2080 ad
1115 2036 1226 2101 supera
1246 2023 1316 2101 post
1337 2036 1449 2101 corpus
1470 2017 1594 2084 evadit?

709 2105 763 2168 xl.
806 2102 981 2168 Dicendum
1002 2109 1057 2176 est,
1077 2101 1151 2186 quid
1173 2101 1221 2166 his
1242 2110 1348 2187 postea
1370 2102 1433 2166 veri
1452 2102 1612 2168 sollicitior
1632 2105 1797 2192 inquisitor
1829 2113 1843 2176 l

622 2188 836 2275 philosophiae
857 2189 959 2254 cultus
986 2186 1140 2252 adiecerit.
1183 2187 1262 2253 Nam
1286 2194 1318 2250 et
1342 2186 1395 2270 qui
1424 2186 1558 2270 primum
1580 2190 1796 2277 Pythagoram,

623 2283 657 2340 et
680 2274 734 2359 qui
756 2280 862 2359 postea
881 2274 1041 2339 Platonem
1062 2271 1160 2337 secuti
1184 2280 1265 2350 sunt,
1284 2270 1359 2335 duas
1379 2293 1446 2337 esse
1468 2281 1593 2352 mortes,
1614 2295 1708 2342 unam
1730 2283 1795 2345 ani·

624 2381 703 2436 mae,
726 2359 866 2424 animalis
885 2359 1022 2435 alteram,
1044 2357 1262 2444 prodiderunt:
1287 2357 1365 2421 mori
1383 2357 1506 2434 animal,
1527 2380 1596 2424 cum
1613 2362 1715 2428 anima
1735 2366 1796 2432 dis-

623 2445 706 2510 cedit
724 2466 741 2508 e
762 2465 815 2508 cor
836 2465 900 2522 ore,
921 2445 1017 2530 ipsam
1038 2464 1112 2510 vero
1131 2443 1265 2507 animam
1289 2441 1368 2507 mori
1389 2443 1574 2523 adserentes,
1597 2467 1667 2511 cum
1685 2469 1703 2512 a
1721 2452 1847 2530 sim-[56]

647 2529 696 2594 lici
717 2537 748 2594 et
770 2529 800 2594 in
823 2530 927 2596 ividuo
951 2528 1036 2595 lonte
1064 2538 1191 2594 naturae
1218 2529 1252 2593 in
1281 2528 1417 2593 membra
1445 2549 1593 2614 corporea
1609 2531 1797 2620 dissipatur.

621 2553 665 2684 ht
685 2615 757 2702 quia
779 2636 841 2682 una
864 2627 902 2682 oi
925 2615 973 2682 his
994 2613 1168 2692 manifesta,
1205 2622 1237 2680 et
1258 2614 1402 2680 omnibus
1424 2621 1497 2680 nota
1516 2623 1579 2695 est,
1617 2617 1713 2686 altera
1734 2645 1796 2690 non
1826 2628 1847 2692 2

1368 2829 1370 2832 Α
1423 2767 1508 2830 [Edd.
1528 2767 1730 2849 vicahgspdzh.

623 2881 657 2894 -
675 2871 752 2921 quam
771 2859 842 2914 [orn.
861 2859 923 2922 que)
944 2857 988 2905 vl.
1007 2882 1041 2892 -
1060 2855 1144 2922 capiti
1162 2855 1296 2907 imminere
1313 2854 1405 2922 epulas
1422 2860 1499 2920 (sup.
1516 2855 1580 2907 add.
1598 2857 1679 2919 iuter)
1701 2861 1752 2913 R2.
1769 2893 1797 2903 -

623 2923 670 2974 ilie
693 2930 718 2974 et
743 2921 1204 2989 ussaunein-gamunuata
1227 2929 1304 2989 (aup-
1328 2925 1396 2974 iuter
1419 2924 1557 2985 „mentha
1577 2926 1690 2976 altaru“
1713 2931 1799 2984 Gran,

623 2990 642 3042 i.
662 2989 766 3053 (ξω).
806 2991 852 3042 itta
871 2992 958 3042 iuter
977 2990 1019 3041 Hl
1039 2993 1175 3056 „memhn
1197 2990 1357 3057 antiquior“
1374 2991 1459 3042 Gran.
1477 2990 1524 3042 VS.
1563 2992 1610 3045 illa
1627 3002 1654 3045 et
1672 2996 1754 3049 iuter
1774 3001 1799 3052 G

624 3059 673 3109 ta.
711 3060 757 3109 ille
773 3059 860 3110 iuter
877 3066 903 3110 et
926 3057 1023 3110 a-nht.
1044 3087 1077 3098 -
1100 3061 1206 3122 Siculas
1224 3059 1301 3125 (sup.
1323 3058 1386 3110 add.
1405 3059 1502 3126 dapes,
1528 3061 1600 3125 quod
1618 3064 1801 3129 amplectitur

624 3126 726 3192 Gran.)
748 3127 886 3190 ,pnemhm
908 3128 979 3178 alt.“
1000 3126 1085 3179 Gran.
1108 3127 1127 3178 i.
1152 3144 1176 3179 a.
1196 3126 1245 3177 La.
1285 3127 1389 3192 epulas
1412 3127 1487 3193 (sup.
1514 3129 1634 3194 Siculae)
1660 3136 1799 3194 „membra

625 3195 703 3246 ant.“
728 3192 812 3246 (icon.
844 3222 873 3232 -
900 3195 1054 3262 tyrannicae
1076 3196 1144 3261 (om.
1170 3194 1276 3262 capiar)
1298 3193 1435 3258 „membru
1456 3196 1529 3246 alt.“
1551 3195 1637 3247 Gran.
1661 3199 1680 3250 i.
1702 3219 1727 3252 e.
1750 3202 1798 3254 Lu.

624 3262 1024 3329 tyrannicaaopea„010n.“
1047 3264 1133 3317 Gron.
1156 3264 1264 3314 (ΗΜ
1291 3290 1317 3300 -
1343 3269 1505 3330 gravaretur
1525 3262 1796 3320 lassamur-arur

624 3330 763 3394 „memha
787 3335 842 3380 unt.
861 3336 890 3382 et
907 3330 977 3382 alt.“
1001 3331 1087 3383 Gran.
1140 3337 1358 3398 aspernaretur
1379 3328 1505 3397 Bsu.r·g
1526 3331 1693 3393 „alrartae.“
1714 3335 1800 3389 Gran.

627 3398 811 3464 despiceret
826 3396 956 3461 „Orron.“
974 3398 1059 3451 Gran.
1082 3427 1110 3438 -
1130 3399 1217 3465 inquit
1233 3399 1291 3449 uita
1311 3398 1440 3448 dionisiae
1457 3397 1508 3448 Rl.
1526 3424 1559 3436 -
1575 3415 1676 3465 semper
1691 3412 1800 3456 mortem

625 3466 700 3517 uotis
719 3463 846 3515 BFlth.
880 3482 980 3533 temper
995 3469 1070 3519 uotis
1086 3475 1193 3519 mortem
1210 3464 1283 3517 SRQ.
1316 3465 1392 3516 actia
1408 3480 1508 3532 semper
1522 3473 1629 3517 martem
1645 3467 1748 3521 EddP.
1769 3499 1798 3509 -

628 3534 738 3585 extima
756 3532 828 3584 Bau.
864 3535 984 3587 existima
1002 3552 1079 3604 erga
1099 3552 1160 3603 v-g.
1184 3561 1210 3572 -
1230 3534 1318 3598 seclia
1334 3549 1390 3583 eree
1411 3548 1463 3599 ug
1484 3533 1539 3594 [Rl
1553 3533 1649 3596 satie).

571 3612 574 3615 ·
628 3605 671 3651 Π.
706 3600 949 3669 haeccrgoBaa.
968 3630 996 3641 -
1015 3606 1126 3656 cicero
1145 3603 1196 3654 [tr.
1231 3599 1800 3672 quisquc]Virg.Aen.thila-quia-

626 3669 773 3737 quiscum
797 3667 836 3719 Β..
864 3671 1052 3739 uuusquisque
1074 3687 1133 3739 v-g.
1152 3698 1185 3708 -
1204 3686 1296 3721 manea
1311 3669 1430 3736 patimur
1451 3669 1502 3719 Ra.
1520 3697 1555 3709 -·
1576 3670 1605 3721 in
1621 3670 1664 3723 laia
1681 3675 1800 3741 eorpori-

626 3739 675 3789 hus
692 3752 746 3787 om.
765 3738 817 3787 Rl.
838 3763 867 3775 -
887 3738 906 3789 d
914 3756 957 3788 aaa
979 3741 1015 3789 art
1033 3739 1084 3789 Rl.
1106 3766 1133 3777 ·-
1160 3738 1331 3807 dimergitur
1347 3735 1378 3787 F.

696 3804 742 3855 xl.
785 3806 871 3871 Caput
895 3805 942 3857 Xl.
982 3807 1053 3871 Quid
1071 3814 1096 3858 et
1113 3807 1158 3858 uhi
1175 3806 1257 3870 inseri
1275 3804 1416 3856 acciendum
1437 3804 1602 3867 Platonicos,⁸
1628 3807 1733 3873 quanda
1751 3808 1800 3860 lea·

625 3888 684 3924 rum
703 3875 832 3925 scatentia
850 3879 897 3924 aut
915 3874 1005 3925 uiuere
1022 3875 1127 3938 aalma,
1146 3874 1294 3938 autmari,
1312 3874 1427 3924 dicatur.
1456 3872 1534 3923 ch·l›.
1688 3879 1711 3926 1.
1750 3877 1802 3929 m·-

626 3940 736 3991 ccudum
754 3943 863 3991 autem
877 3947 915 3991 ast
931 3940 962 3991 F.
980 3968 1016 3980 —
1032 3959 1098 3993 uero
1115 3942 1164 3991 RS.
1185 3968 1216 3978 -
1236 3943 1331 3993 cultor
1350 3940 1381 3989 Β.
1397 3966 1430 3976 -
1445 3948 1608 4008 pytagorae
1625 3939 1659 3990 Β.
1678 3968 1712 3980 -
1729 3961 1802 3995 coa-

627 4009 709 4059 secuti
726 4015 788 4060 sunt
805 4007 836 4058 F.
855 4035 891 4047 -
908 4008 975 4060 mari
995 4018 1100 4062 autem
1119 4009 1220 4061 animai
1238 4009 1311 4060 Brea.
1331 4034 1365 4045 -
1382 4024 1400 4057 a
1418 4023 1524 4076 corpore
1541 4006 1572 4057 Ir.
1591 4036 1623 4045 -
1642 4010 1728 4075 ipram
1745 4028 1802 4063 au·

626 4084 688 4129 tem
706 4081 784 4144 (sup.
802 4080 877 4135 aero)
897 4074 929 4129 F.
947 4101 983 4115 -
1001 4078 1118 4129 animam
1135 4082 1204 4137 (om.
1220 4078 1300 4137 more]
1318 4076 1390 4127 Bau.
1535 4078 1560 4125 2.
1596 4076 1715 4127 amnibus
1732 4082 1802 4136 (ora.

627 4225 770 4277 videndas
783 4226 899 4279 uberius
911 4226 1062 4280 Turnahua
1076 4226 1190 4279 Adran.
1239 4242 1292 4292 pua
1310 4224 1452 4276 narrantia
1468 4222 1605 4276 Macrobii
1620 4225 1722 4277 referri
1739 4243 1804 4293 poa-

628 4293 749 4360 prirno.“
776 4294 862 4345 Pour.
898 4295 1191 4364 Immoagitdehoc
1240 4295 1289 4346 ait.
1323 4292 1377 4343 Sed
1401 4308 1435 4343 ex
1454 4292 1522 4343 illua.
1543 4291 1614 4356 (vid.
1640 4309 1699 4345 var.
1723 4294 1802 4361 lect.)

628 4361 715 4411 verbo
731 4358 881 4413 Turnebus
898 4363 1011 4415 Advera.
1028 4363 1124 4425 xxiv,
1137 4366 1191 4425 24„
1240 4361 1419 4413 scribendum
1452 4360 1571 4423 cuidam,
1606 4366 1637 4412 ut
1667 4371 1803 4428 perpetuo

627 4428 679 4480 uhi
701 4427 756 4491 ait,
782 4429 953 4495 cumprime
973 4431 1054 4482 rerhi
1081 4430 1193 4483 notione
1242 4428 1380 4483 assolet-‘⁶
1407 4427 1497 4478 Guon.
1539 4428 1646 4496 lungae
1669 4432 1804 4499 quondam

628 4496 755 4548 incubare
773 4496 884 4548 dicatur
901 4497 988 4564 pallia
1005 4497 1124 4565 gallina,
1143 4514 1194 4564 per
1242 4525 1277 4537 -
1296 4496 1435 4547 uoleaa-
1458 4497 1594 4549 ostendere
1628 4535 1637 4550 .

630 4564 846 4616 translationem
877 4564 934 4616 dici
962 4565 1085 4632 aliquam
1115 4568 1193 4617 iucu-
1278 4563 1450 4629 cumqueille
1469 4564 1635 4614 Siculas...
1655 4566 1805 4633 copiae...

628 4635 705 4696 hare,
738 4632 785 4697 qui
803 4632 865 4683 iare
883 4650 937 4685 non
955 4633 1113 4700 possideat,
1143 4633 1193 4684 aed
1244 4630 1419 4701 gravaretur]
1447 4628 1526 4694 „Non
1550 4638 1701 4696 potuerunt
1724 4634 1806 4685 haro-

630 4699 756 4767 pervim
776 4707 805 4752 et
824 4701 974 4767 iniuriam,
994 4702 1066 4768 qnod
1084 4699 1132 4767 qui
1152 4700 1195 4751 aic
1245 4716 1295 4751 uc·
1314 4696 1360 4749 illi
1380 4698 1409 4763 [i.
1426 4713 1451 4746 e.
1469 4697 1592 4750 editores
1605 4699 1739 4752 Macrobii
1759 4718 1808 4753 aa·

630 4768 809 4833 possideant,
839 4770 867 4821 in
886 4771 948 4822 loco
964 4768 1073 4822 assidui
1092 4768 1150 4820 sint
1167 4773 1197 4820 et
1245 4766 1351 4833 quoad
1372 4765 1556 4833 Stephanum]
1577 4783 1751 4834 concoquere
1772 4765 1806 4819 ed

631 4835 710 4889 velat
728 4838 840 4889 cubent.
874 4839 952 4890 Adde
970 4838 1032 4889 niv.
1052 4837 1096 4899 lll,
1115 4841 1157 4899 15,
1170 4841 1196 4887 5.
1246 4834 1360 4904 grauari
1374 4827 1548 4899 ἐνεργητικῶς
1565 4835 1694 4901 usurpari
1714 4844 1742 4887 et
1757 4852 1808 4902 ap-

630 4904 785 4958 iaculautae
801 4905 916 4974 publicis
937 4906 1070 4959 thamaris
1090 4921 1114 4957 c.
1137 4909 1195 4956 not.
1247 4901 1313 4969 poni
1344 4900 1371 4952 ci
1396 4917 1492 4953 cacam
1518 4910 1656 4968 quartam.
1696 4904 1764 4955 l'ida
1790 4920 1807 4955 a

573 5029 577 5036 ,
629 4972 718 5024 Dralr.
1154 5009 1157 5014 .
1246 4977 1328 5088 qatre
1357 4985 1420 5020 meo
1454 4976 1588 5023 annotata
1617 4971 1652 5023 ad
1684 4970 1807 5023 Senecae

660 5071 799 5137 familiari
824 5073 957 5139 quondam
979 5072 1038 5140 aaa]
1070 5070 1144 5137 „Sed
1169 5073 1198 5122 et
1248 5036 1395 5156 {hymen
1423 5054 1465 5088 γ’·
1493 5041 1550 5089 ¹⁰⁵⁰
1593 5038 1700 5090 sicum
1725 5041 1808 5105 ΜΝ

630 5142 689 5190 tum
1062 5139 1069 5153 ·
1261 5121 1384 5170 amasae,
1403 5105 1476 5155 unda
1493 5105 1552 5155 Vll.
1567 5104 1624 5158 Sat.
1643 5104 1677 5172 [c.
1691 5111 1716 5167 5,
1729 5106 1742 5171 ᾗ
1753 5103 1808 5172 24.]

709 5156 829 5205 (¹¹¹⁰un
847 5147 878 5192 ui
895 5146 974 5207 pum
992 5158 1026 5193 ⁰¹
1038 5138 1097 5192 ⁰¹⁰¹
1111 5138 1198 5192 Tm·
1248 5188 1373 5224 mensum
1392 5171 1518 5224 Siculam
1537 5180 1566 5224 et
1582 5173 1713 5225 Asianum
1733 5189 1810 5223 eom·

632 5214 740 5272 quaeat.
758 5207 789 5270 V,
802 5210 855 5271 22,
873 5225 937 5259 cum
955 5206 1199 5289 vitaanaticulo-
1249 5240 1357 5307 pompa.
1376 5240 1468 5291 (ΜΝ.
1504 5239 1547 5290 ος,
1564 5240 1664 5293 Hom,
1687 5240 1738 5294 011,
1756 5240 1799 5292 ῃ]

632 5290 682 5327 rue
696 5273 780 5327 tidem
795 5275 917 5329 tacereta
937 5291 1064 5345 quamam
1078 5276 1113 5330 ad
1128 5280 1198 5329 tam·
1252 5314 1276 5374 1,
1293 5312 1335 5361 13·
1353 5306 1449 5375 miquo
1466 5306 1648 5375 mmmm,
1800 5278 1809 5304 ⁹
