5092 6425
824 895 960 965 COMM.
980 896 1025 965 IN
1047 893 1173 964 SOMN.
1194 892 1292 962 SCIP.
1336 894 1411 959 Lm.
1432 894 1456 958 Ι.
1500 894 1590 961 CAP.
1614 899 1665 963 [Π.
1782 898 1825 966 25

655 1064 828 1150 gurgitatus
853 1073 906 1130 aut
927 1065 1079 1129 distentus
1105 1064 1173 1128 oibo
1198 1063 1247 1129 vel
1271 1063 1457 1128 abundantia
1479 1064 1648 1150 praefocari
1674 1088 1707 1132 se
1734 1072 1825 1136 aesti-

655 1159 720 1214 met
739 1151 787 1215 vel
807 1151 1004 1234 gravantibus
1023 1150 1198 1213 exonerari:
1225 1156 1280 1214 aut
1298 1157 1419 1226 contra,
1440 1148 1466 1212 si
1486 1150 1625 1215 esuriens
1647 1151 1749 1216 cibum
1772 1164 1826 1220 aut

654 1243 764 1383 fotum
794 1236 901 1299 sitiens
925 1235 1098 1299 desiderare
1126 1254 1275 1318 quaerere
1299 1235 1347 1299 vel
1374 1234 1467 1298 etiam
1495 1235 1647 1300 invenisse
1670 1236 1825 1302 videatur:

669 1327 812 1398 ortunae,
847 1341 915 1384 curn
938 1341 971 1383 se
998 1319 1067 1404 quis
1092 1319 1235 1382 aestimat
1259 1319 1307 1382 vel
1334 1319 1471 1402 potentia
1494 1320 1541 1384 vel
1565 1321 1745 1405 magistratu
1771 1331 1826 1387 aut

656 1404 763 1488 augeri
783 1426 840 1489 pro
862 1404 1013 1469 desiderio
1035 1410 1089 1467 aut
1116 1403 1187 1467 exui
1216 1424 1271 1487 pro
1295 1402 1415 1467 timore.
1471 1404 1555 1469 Haec
1577 1413 1609 1469 et
1635 1406 1684 1470 his
1704 1404 1855 1485 similia‚5

657 1489 804 1574 quoniam
827 1510 865 1553 er
886 1489 994 1552 habitu
1015 1487 1127 1552 mentis
1145 1488 1281 1572 quietem
1303 1486 1381 1551 sicut
1402 1497 1624 1572 praevenerant
1644 1491 1738 1556 itaet
1761 1500 1826 1557 tur·

656 1574 804 1639 haverant
829 1573 1025 1649 dormientis,
1063 1593 1126 1637 una
1152 1593 1222 1636 cum
1256 1592 1366 1635 somno
1401 1573 1525 1637 avolant
1556 1581 1587 1637 et
1615 1575 1729 1658 pariter
1757 1598 1826 1642 eva-

657 1666 796 1724 nescunt
851 1658 932 1723 Hinc
954 1665 985 1721 et
1007 1659 1154 1721 insomnio
1177 1677 1291 1721 nomen
1313 1663 1374 1732 est,
1410 1677 1473 1720 non
1501 1657 1574 1741 quia
1601 1679 1657 1742 per
1682 1682 1826 1726 somnum

656 1743 794 1820 videtur,
828 1742 887 1808 hoc
913 1743 996 1807 enim
1022 1748 1069 1806 est
1095 1740 1167 1805 huic
1194 1740 1299 1825 generi
1322 1761 1486 1805 commune
1514 1762 1585 1805 cum
1614 1745 1737 1821 ceteris,
1772 1747 1826 1810 sed

658 1828 731 1912 quia
757 1828 790 1891 in
819 1828 886 1912 ipso
914 1825 1035 1892 somnio
1060 1824 1285 1891 tantummodo.
1303 1845 1370 1889 esse
1399 1825 1548 1903 ereditur,
1589 1826 1663 1891 dum
1696 1829 1827 1908 videtur,

657 1920 730 1996 post
753 1912 907 1977 somnium
930 1911 1047 1976 nullam
1072 1911 1120 1975 sui
1139 1909 1303 1975 utilitatem
1326 1909 1373 1974 vel
1398 1909 1651 1996 significationem
1671 1914 1827 2000 relinquit

657 1997 748 2060 Falsa
770 2018 838 2061 esse
860 1996 1012 2062 insomnia
1034 2015 1091 2059 nec
1111 1996 1202 2060 Maro
1222 1994 1333 2059 tacuit:
1835 1995 1857 2061 o

743 2081 805 2147 Sed
824 2083 903 2167 salsa
924 2082 965 2146 ad
986 2081 1098 2145 eaelum
1118 2082 1238 2143 mittant
1258 2080 1409 2144 insomnia
1433 2101 1544 2155 manes,

659 2165 778 2230 eaelum
804 2167 855 2230 hic
885 2167 1026 2232 vivorum
1054 2165 1212 2249 regionem
1243 2184 1370 2240 vocans,
1406 2164 1479 2248 quia
1505 2164 1584 2229 sicut
1608 2163 1640 2227 di
1667 2165 1756 2229 nobis
1786 2165 1828 2230 ita

660 2271 718 2313 nos
736 2250 887 2315 defunctis
905 2251 1009 2335 superi
1026 2249 1186 2314 habemur.
1229 2251 1378 2313 Amorem
1397 2268 1522 2335 quoque
1539 2249 1724 2329 describens,
1741 2251 1829 2316 auius

661 2355 769 2409 curam
789 2355 912 2420 semper
933 2341 1079 2400 secuntur
1099 2331 1267 2410 insomnia,
1296 2332 1354 2397 ait:

966 2455 1009 2466 -
1031 2419 1165 2484 Haerent
1189 2418 1282 2504 infici
1299 2427 1420 2502 pectore
1443 2417 1542 2482 outae

754 2503 919 2651 Verzaqne:
952 2526 1007 2570 nee
1024 2504 1178 2591 ploce'dam
1196 2501 1408 2567 memoratam
1429 2523 1504 2567 cura
1525 2502 1658 2588 quietern,

661 2593 785 2674 etpost
834 2606 901 2652 aec:

745 2674 837 2737 Anna
857 2692 960 2748 soror,
1007 2694 1065 2737 κατ
1085 2694 1131 2737 me
1150 2693 1323 2759 suspensam
1350 2671 1501 2736 insomnio
1521 2671 1654 2735 terrent?

665 2751 955 2842 maurentionem,
989 2693 1050 2821 iao
1072 2763 1119 2822 est
1137 2759 1252 2835 οιόακι,
1288 2778 1358 2823 cum
1380 2757 1461 2822 inter
1484 2756 1619 2842 vigiliam
1642 2761 1674 2820 et
1693 2753 1860 2822 adullam'l

1455 2926 1539 2988 [aar.
1561 2925 1766 2996 vieahgeprleb.

663 3013 716 3065 flr.
751 3014 898 3083 defugisse
920 3012 973 3064 m,
997 3040 1029 3050 -
1054 3027 1109 3080 gar
1130 3011 1213 3065 italae
1235 3011 1312 3078 (eup.
1335 3010 1399 3062 adel.
1422 3011 1465 3077 in)
1491 3011 1521 3062 F.
1547 3040 1580 3050 -
1604 3012 1647 3063 uel
1668 3013 1835 3066 abnndantia

662 3081 799 3134 FSPR2G
827 3081 908 3147 (Bur
935 3079 1012 3146 hal.)
1037 3081 1099 3131 vica
1125 3078 1287 3130 illan-Brea.
1318 3077 1360 3140 (in
1382 3077 1405 3128 L
1427 3096 1459 3131 τα
1482 3095 1594 3130 eranum
1615 3086 1682 3142 eat).
1729 3083 1772 3132 cel
1796 3083 1835 3133 de

663 3151 830 3202 abnndantia
849 3149 903 3199 112.
938 3148 981 3198 cel
998 3163 1033 3199 ττ
1051 3146 1217 3198 abnndantia
1234 3147 1288 3197 h-l)
1306 3146 1379 3198 Bac.
1397 3171 1431 3183 -
1452 3162 1480 3198 ee
1495 3145 1544 3210 „in
1563 3145 1669 3214 optimo
1687 3147 1760 3201 libro
1780 3164 1834 3200 nan

663 3218 814 3269 habetur.“
833 3216 932 3267 Barth.
950 3216 970 3267 1.
992 3232 1016 3267 c.
1034 3242 1069 3254 -
1087 3216 1216 3267 aestimet
1229 3212 1422 3278 Brennum.
1456 3215 1571 3266 extimet
1592 3215 1653 3267 v-lr.
1686 3216 1835 3269 existimet

663 3285 796 3352 ng-bP.
821 3312 848 3323 -
873 3284 1025 3352 gravantia
1045 3282 1094 3345 „in
1113 3282 1220 3348 optimo
1237 3283 1312 3333 lilrro
1329 3282 1440 3332 videtur
1456 3282 1553 3332 eodem
1572 3296 1651 3342 caen,
1678 3299 1733 3348 qun
1750 3283 1836 3333 abun·

665 3353 761 3413 dantia
779 3356 835 3411 eet.
856 3357 999 3402 exaratum
1019 3348 1097 3416 priua
1115 3349 1233 3401 lairac.“
1250 3348 1350 3399 Barth.
1369 3348 1387 3399 1.
1407 3364 1484 3406 τ.,-
1510 3364 1542 3399 ee
1561 3348 1716 3400 exhonerarr'
1732 3348 1782 3399 Rr.
1800 3376 1835 3388 -

665 3421 758 3471 titiane
772 3427 862 3485 potam
878 3417 908 3467 F.
932 3444 965 3499 Τ
988 3417 1139 3497 acelamare
1155 3418 1230 3497 (τοο.
1251 3416 1335 3495 ando)
1355 3415 1405 3466 Rl.
1424 3441 1457 3452 -
1479 3415 1607 3467 acrtimet
1624 3413 1656 3465 F.
1690 3416 1836 3470 existimat

665 3485 1731 3613 {atturtt⁰trl⁰⁸2‘¹⁶ttmt5.“tfml‘ttttssrtttranna.tt·
1749 3500 1838 3614 „tta

666 3638 749 3684 men,
769 3620 840 3685 quod
861 3619 977 3684 probo.“
999 3618 1073 3668 moa.
1094 3616 1126 3670 Ν.
1145 3617 1175 3668 L.
1196 3634 1221 3685 p.
1237 3622 1296 3669 386.
1336 3615 1509 3683 „Verieeime
1526 3615 1648 3678 Maelius,
1663 3623 1693 3669 et
1707 3634 1779 3669 nnnc
1798 3619 1839 3673 ita

667 3688 807 3739 edimrre·“
822 3687 907 3738 Gran.
943 3685 1082 3737 advolant
1096 3684 1198 3751 Sepla.
1213 3714 1245 3725 -
1263 3702 1356 3737 nomen
1375 3687 1442 3750 (orn.
1463 3685 1516 3748 eet)
1533 3684 1633 3748 ltin-g.
1654 3712 1687 3722 ·-
1703 3703 1751 3754 per
1766 3703 1839 3739 eorn-

666 3773 730 3806 narn
748 3752 1024 3819 Brsnrssnnnegn.
1057 3768 1106 3820 per
1122 3753 1263 3805 caninium
1286 3753 1365 3805 a-bP.
1390 3780 1426 3792 -
1446 3750 1720 3821 generantum-
1742 3772 1838 3807 conano

667 3822 738 3873 Bra.
757 3849 792 3861 -
812 3822 943 3873 ereditur
959 3825 1029 3880 (arn.
1050 3824 1117 3881 eene]
1137 3818 1169 3871 F.
1184 3846 1219 3858 -
1236 3828 1299 3888 'poet
1314 3836 1441 3873 conrnune
1459 3819 1585 3870 Banna.
1603 3845 1639 3857 -
1655 3821 1758 3873 nnllam
1775 3823 1840 3874 etet

668 3888 700 3938 F.
853 3892 879 3938 6.
917 3886 984 3952 Sed]
1006 3888 1072 3937 Aen.
1092 3887 1140 3952 vl,
1157 3892 1216 3938 891.
1231 3895 1234 3900 ’
1247 3890 1326 3951 salsa
1346 3889 1456 3956 inquit
1474 3887 1579 3947 111.-
1600 3903 1700 3954 semper
1715 3898 1840 3941 secuntur

667 3954 724 4006 BF.
762 3971 865 4020 eenrper
889 3971 916 4005 ee
935 3961 1034 4005 uantur
1057 3953 1339 4023 uenturam-prm.
1378 3970 1477 4022 temper
1499 3970 1553 4005 orn.
1575 3952 1724 4069 112οῙ111.
1764 3956 1840 4008 one-

668 4023 739 4074 lieco
758 4020 884 4073 confodit
932 4020 1012 4072 ndiue
1031 4021 1052 4072 l.
1071 4039 1113 4085 c.;
1139 4022 1188 4072 aed
1211 4020 1238 4072 in
1262 4023 1391 4075 amnibus
1416 4020 1540 4086 antiquie
1561 4018 1634 4070 offen
1657 4020 1678 4070 it
1698 4021 1783 4074 Gron.
1803 4051 1839 4063 ·-

668 4089 797 4155 Haerent]
824 4089 892 4140 Aen.
914 4088 966 4152 Ill,
988 4090 1014 4139 4.
1037 4116 1070 4126 -
1092 4089 1183 4156 Anna]
1207 4088 1245 4145 in.
1267 4095 1293 4142 9.
1317 4117 1352 4129 -
1376 4104 1508 4155 carpenea
1530 4085 1585 4137 FP.
1609 4094 1761 4143 -terrent
1783 4105 1838 4141 am.

669 4257 751 4310 aliar.
769 4257 866 4311 medici
881 4257 942 4323 oiri,
960 4271 1039 4310 euanr
1057 4256 1153 4309 medici
1161 4254 1229 4323 filie]
1280 4259 1468 4317 vescerentur,
1481 4254 1553 4321 qnod
1570 4253 1595 4306 ie
1609 4254 1689 4307 ciliae
1704 4254 1842 4322 tranquil-

668 4327 726 4377 eillo
753 4332 778 4377 et
806 4326 917 4393 crapula
945 4327 1071 4377 distentae
1095 4342 1177 4377 eaeva
1206 4330 1231 4375 et
1279 4323 1389 4373 litatem
1418 4323 1520 4373 mentia
1549 4322 1747 4389 quaerentibue
1775 4340 1842 4374 coa·

668 4393 771 4461 grania
802 4394 933 4444 somniare
966 4400 1115 4444 antumant.
1161 4390 1231 4443 Milu'
1279 4395 1369 4442 etaret
1385 4406 1448 4441 eene
1466 4390 1652 4441 contrariae.“
1671 4391 1760 4441 Parra.
1778 4388 1842 4458 (qui

669 4460 797 4525 denique,
822 4461 891 4525 qaod
907 4460 1010 4526 poculis
1024 4458 1127 4525 vesperi
1142 4460 1231 4510 nrinne
1279 4463 1427 4525 praetcrea
1444 4456 1523 4508 arldit
1543 4457 1664 4509 aliorum
1683 4458 1719 4509 de
1738 4458 1793 4509 lrac
1811 4474 1843 4510 re

668 4526 823 4592 temperavi,
840 4544 892 4577 non
907 4527 1001 4577 acerba
1015 4528 1090 4577 dirae
1107 4533 1132 4577 et
1146 4533 1231 4577 traces
1280 4523 1434 4577 sententiae
1450 4524 1594 4588 (livorem,
1620 4524 1779 4576 Aristoxeni
1796 4540 1842 4591 ap.

669 4594 804 4661 imaginor
830 4593 931 4646 obtulit.
966 4592 1137 4644 Plutarchus
1162 4608 1232 4657 qna·
1282 4591 1357 4643 Gell.
1380 4589 1412 4642 N.
1436 4593 1466 4641 Α.
1494 4590 1543 4651 rt,
1571 4594 1613 4642 11.
1654 4591 1742 4645 crem.
1764 4591 1844 4643 Alex.

670 4676 725 4726 que
747 4659 875 4727 Symeon.
901 4659 1232 4725 nn.v111.qaaen.ro
1281 4658 1386 4710 Strorn.
1420 4657 1476 4721 lll,
1517 4657 1663 4722 Theophr.
1698 4658 1733 4709 (le
1767 4675 1845 4709 cane.

670 4726 706 4846 ᾖ.
730 4728 769 4793 l]=
804 4723 848 4779 ὅτι
873 4722 904 4778 δέ
924 4722 980 4777 ἐστι
999 4726 1055 4777 τῶν
1080 4720 1232 4793 βρωμάτων
1282 4725 1385 4793 plant,
1410 4724 1555 4776 Plutarch.
1572 4724 1654 4792 [Mor.
1671 4742 1699 4791 p.
1717 4729 1750 4775 11
1767 4726 1828 4791 13]).

701 4810 730 4844 ια
756 4791 903 4859 δυσόνειρα
930 4790 978 4844 καὶ
1003 4786 1233 4858 concinnatae
1315 4796 1342 4842 1.
1378 4787 1526 4857 φάντασμα
1540 4809 1611 4858 οττο,
1630 4793 1679 4846 lece
1695 4799 1733 4844 ert
1747 4791 1843 4858 vienn]
1921 4847 1924 4854 ,

670 4854 736 4911 καθ’
749 4854 845 4911 ῧττοωο
854 4856 956 4924 ὄψεων,
965 4859 1126 4926 μαρτυρίοις
1134 4854 1233 4925 izorio-
1283 4856 1399 4921 Cicera,
1418 4859 1466 4924 qni
1484 4859 1513 4924 (5
1531 4861 1572 4927 2.)
1591 4854 1705 4926 φᾶπατ
1734 4876 1754 4909 α
1773 4857 1844 4910 dici·

670 4943 704 4977 ro
727 4929 786 4985 τοῐς
808 4942 838 4977 τε
860 4922 974 4991 κυάμοις
996 4925 1044 4977 καὶ
1070 4926 1104 4993 τῇ
1129 4923 1244 5009 κεφαλῇ·
1284 4931 1331 4976 tur
1349 4924 1439 4977 vicum
1459 4941 1586 4990 vocatae,
1607 4928 1691 4977 Acad.
1709 4876 1733 4989 ‘a’
1754 4929 1794 4988 11,
1810 4928 1845 4975 41

671 4988 904 5057 concatenatos,
922 4982 961 5043 oia
975 4986 1129 5059 ἀπέχεσθαι
1145 4994 1235 5045 natav-
1285 4996 1314 5043 et
1328 4992 1371 5055 11,
1393 4997 1424 5056 6,
1446 4997 1480 5043 18
1501 4992 1681 5058 φαντασίαν
1697 5010 1729 5042 το
1747 4993 1846 5059 appol·

674 5072 735 5110 οκσι
763 5054 830 5119 τοὺς
857 5055 1001 5124 δεομένους
1027 5059 1076 5124 τῆς
1105 5056 1151 5109 διὰ
1179 5060 1235 5111 τῶν
1285 5059 1434 5111 larevelle
1453 5059 1522 5111 dicit
1536 5061 1629 5110 ciram.
1664 5059 1769 5110 Eodem
1786 5075 1847 5111 rna.-

672 5121 937 5191 incrementatione.
971 5126 1235 5191 ilincCiceroUJi-
1286 5125 1501 5177 doAmmianue
1519 5126 1647 5177 Marcell.
1665 5126 1740 5186 XIV,
1767 5143 1793 5191 p.
1811 5128 1846 5175 81

673 5192 729 5242 vin.
746 5193 775 5254 1,
790 5195 838 5254 30,
854 5196 902 5255 623
921 5193 962 5255 11,
979 5196 1028 5255 58,
1048 5191 1108 5257 119]
1126 5192 1237 5244 cenauit
1285 5191 1435 5244 Lindenlrr.
1455 5193 1553 5243 habete
1581 5192 1681 5243 Solatia
1699 5192 1768 5242 enirn
1787 5209 1846 5243 τοτ-

672 5259 866 5328 Pythagoreis
893 5259 1075 5314 interdictum
1105 5275 1141 5311 ae
1169 5260 1237 5314 laba
1284 5260 1372 5327 porcia
1387 5260 1497 5312 nexibus
1514 5260 1620 5311 animae
1634 5274 1735 5325 temper
1751 5260 1851 5325 algena
