5092 6425
745 873 807 941 rra
1225 865 1433 951 uaeuoau

743 1055 824 1123 tem,
860 1062 932 1109 eum
956 1039 1068 1107 abhinc
1094 1039 1176 1105 ultra
1203 1038 1264 1104 duo
1295 1047 1378 1103 retro
1401 1058 1553 1103 annorum
1580 1038 1663 1102 milia
1693 1039 1731 1104 de
1754 1041 1925 1108 excellenti

743 1150 848 1197 rerum
886 1134 1041 1214 gestarum
1079 1125 1227 1190 memoria
1262 1145 1301 1188 ne
1337 1124 1454 1189 Graeca
1488 1123 1612 1209 quidem
1650 1133 1736 1190 extet
1766 1126 1926 1194 historia?

743 1218 822 1285 Nam
844 1234 937 1300 supra
958 1213 1089 1289 Ninum,
1128 1230 1232 1296 aquo
1254 1209 1432 1275 Semiramis
1455 1209 1623 1274 secundum
1646 1212 1797 1297 quosdam
1821 1215 1924 1280 credi-

713 1301 795 1370 8tur
816 1306 992 1388 procreata,
1030 1297 1106 1362 nihil
1126 1296 1320 1397 praeclarum
1341 1296 1373 1360 in
1394 1295 1488 1360 libros
1510 1295 1641 1361 relatum
1664 1306 1719 1362 ost:
1778 1298 1810 1364 si
1834 1301 1922 1367 enirn

742 1388 783 1454 ab
804 1386 892 1453 initio
915 1384 1010 1449 immo
1032 1391 1104 1448 ante
1125 1383 1247 1448 mitium
1269 1381 1328 1447 luit
1350 1381 1498 1458 mundus,
1535 1390 1570 1446 ut
1592 1376 1767 1469 philosophi
1791 1386 1921 1453 volunt:

742 1493 799 1539 our
820 1492 875 1557 per
897 1468 1152 1535 innumerabilem
1175 1468 1286 1533 seriem
1312 1468 1485 1532 seculorum
1509 1488 1571 1531 non
1598 1466 1699 1532 luerat
1725 1471 1828 1536 cultus
1854 1495 1922 1559 quo

742 1579 826 1624 uuuc
847 1555 965 1622 utimur
987 1555 1151 1620 inventus?
1193 1575 1255 1618 non
1278 1553 1437 1618 literarum
1458 1573 1549 1627 usus,
1577 1575 1639 1639 quo
1659 1555 1726 1619 solo
1748 1561 1921 1624 memoriae

742 1643 868 1709 fulcitur
886 1641 1072 1707 aeternitas?
1106 1660 1162 1705 cur
1183 1639 1318 1725 denique
1343 1638 1510 1704 multarum
1534 1654 1636 1703 rerum
1665 1641 1852 1725 experientia
1876 1646 1920 1709 ad

742 1730 860 1815 aliquas
885 1736 992 1813 gentes
1017 1725 1133 1791 receuti
1161 1732 1261 1790 aetate
1283 1725 1438 1810 pervenit,
1480 1732 1613 1790 ut'ecca
1638 1725 1719 1791 Galli
1744 1728 1836 1792 vitem
1864 1731 1919 1795 vel

741 1815 858 1880 cultum
882 1814 969 1878 oleas
987 1813 1085 1877 Roma
1105 1811 1165 1877 iam
1188 1811 1391 1887 adolescente,
1414 1809 1596 1886 didicerunt,
1615 1811 1692 1876 aliae
1715 1834 1787 1878 vero
1806 1823 1919 1898 gentes

711 1899 842 1971 9adbuc
864 1898 960 1963 multa
981 1897 1122 1962 nesciunt
1142 1918 1221 1996 quae
1240 1897 1330 1961 nobis
1349 1896 1472 1961 inventa
1495 1895 1698 1981 placuerunt?
1741 1900 1825 1963 flacc
1848 1923 1917 1966 om·

741 1987 791 2051 uia
819 1984 962 2050 videntur
987 1984 1161 2048 aeternitati
1190 2004 1295 2047 rerum
1323 2002 1510 2067 repugnare,
1546 1981 1619 2047 dum
1647 1983 1766 2068 opinari
1792 2007 1850 2050 nos
1872 1987 1917 2052 la·

741 2072 827 2137 ciunt
853 2078 938 2135 certo
964 2069 1070 2135 mundi
1096 2069 1247 2154 principio
1276 2067 1422 2153 paulatim
1449 2067 1569 2152 singula
1597 2089 1737 2154 quaeque
1764 2073 1916 2158 coepisse.

741 2157 802 2223 Sed
823 2155 973 2222 mundum
995 2155 1121 2240 quidem
1141 2153 1235 2220 luisse
1252 2174 1375 2238 semper
1395 2152 1589 2239 philosophia
1612 2163 1719 2218 auctor
1741 2164 1788 2221 est
1808 2159 1916 2224 eondi-

648 2291 653 2305 .
741 2252 808 2309 tore
835 2242 960 2328 quidem
987 2240 1061 2319 deo,
1098 2239 1300 2305 sednonex
1325 2247 1479 2314 temore,
1516 2239 1666 2324 siquidem
1694 2248 1817 2326 tempus
1841 2253 1916 2310 ante

741 2328 892 2394 mundum
921 2348 988 2393 esse
1015 2347 1077 2392 uon
1104 2326 1219 2413 potuit,
1260 2347 1330 2389 cum
1354 2261 1428 2389 nihil
1451 2324 1532 2389 aliud
1562 2333 1702 2411 tempora
1723 2327 1781 2392 nisi
1804 2350 1916 2396 cursus

689 2415 837 2498 [tse]solis
858 2413 982 2478 efficiat:
1001 2432 1050 2477 res
1071 2432 1144 2477 vero
1166 2411 1320 2477 humanae
1341 2432 1379 2475 er
1398 2419 1484 2496 parta
1505 2411 1636 2476 maxima
1655 2433 1746 2497 saepe
1768 2416 1916 2483 occidunt

740 2507 885 2564 manente
906 2498 1022 2562 mundo
1048 2505 1080 2562 et
1102 2518 1209 2563 rursus
1229 2497 1375 2561 oriuntur
1395 2496 1442 2561 vel
1466 2496 1608 2561 eluvione
1630 2499 1761 2563 vicissim
1789 2503 1837 2566 vel
1861 2524 1915 2567 er·

691 2585 863 2649 ldustioue
888 2583 1046 2648 redeunte.
1090 2582 1187 2647 Cuius
1215 2581 1433 2647 vicissitudinis
1463 2602 1553 2646 causa
1579 2583 1626 2646 vol
1649 2585 1813 2650 necessitas
1842 2589 1915 2653 talis

740 2677 796 2734 est
840 2665 946 2753 lgnem
969 2666 1140 2732 aetherium
1163 2667 1280 2752 physici
1303 2666 1495 2732 tradiderunt
1517 2667 1647 2733 humore
1670 2671 1794 2746 nutriri,
1822 2673 1915 2738 adse-

740 2762 844 2820 rentes
866 2753 935 2818 ideo
955 2752 1012 2817 sub
1033 2773 1109 2816 zoua
1130 2753 1206 2817 caeli
1230 2761 1372 2838 perusta,
1394 2774 1487 2839 quam
1510 2754 1557 2817 viu
1580 2754 1668 2832 solis,
1690 2755 1720 2818 id
1741 2765 1787 2820 est
1807 2759 1914 2824 zodia·

739 2860 810 2918 cus,
833 2838 1009 2923 occupavit,
1031 2859 1196 2918 oceanum,
1224 2838 1304 2903 sicut
1325 2859 1418 2924 supra
1440 2838 1672 2925 descripsimus,
1694 2862 1713 2906 a
1734 2849 1844 2909 natura
1867 2845 1914 2911 lo·

806 3011 875 3063 Mss.
894 3010 1097 3073 arsamum]

736 3112 783 3147 uec
802 3101 870 3158 (om.
889 3101 927 3156 et)
946 3096 1114 3148 RlEdd.Sl'.
1132 3123 1167 3135 -
1187 3102 1323 3165 gesturam
1342 3112 1395 3146 om.
1414 3094 1445 3145 F.
1461 3122 1495 3133 -
1516 3112 1566 3148 uec
1582 3113 1683 3166 graeco
1699 3097 1802 3164 puidam
1820 3097 1854 3150 F.
1875 3128 1912 3142 -·

735 3165 903 3233 praeclarens
926 3165 955 3217 s'ss
978 3166 1062 3217 libris
1084 3181 1111 3217 v.
1160 3165 1188 3216 s‘u
1211 3166 1299 3216 libros
1319 3164 1486 3245 praeclarum
1510 3181 1535 3217 u.
1702 3170 1728 3216 a.
1763 3168 1913 3250 seculouum

737 3233 1125 3354 111““-“’.11’..ῑ.11’.1ι1.’
1136 3250 1241 3368 officiii
1253 3235 1492 3369 1111111ῗέ
1505 3316 1546 3351 a.
1565 3236 1913 3376 m.l‚·,:f'l÷¹3‘'s“”‘f

738 3373 779 3423 to.
815 3370 973 3424 cethem
991 3371 1129 3439 Rlssv-gh.
1149 3398 1176 3409 -
1196 3387 1265 3422 seua
1283 3369 1389 3422 coelesti
1405 3367 1438 3420 F.
1454 3397 1489 3407 -
1502 3369 1596 3437 supra]
1615 3386 1639 3419 e.
1658 3374 1685 3432 9,
1702 3370 1715 3435 5
1731 3375 1757 3422 2.
1772 3399 1806 3409 -—
1823 3372 1912 3426 dixt-

770 3528 797 3573 7.
832 3522 912 3589 τοίω]
931 3521 992 3574 l'id.
1008 3528 1065 3575 not.
1083 3522 1118 3574 ad
1135 3522 1158 3585 1,
1175 3526 1220 3585 el,
1237 3526 1263 3574 9.
1349 3520 1484 3571 comesfl
1511 3520 1596 3571 Zeus.
1622 3547 1657 3559 -
1680 3521 1771 3573 l’erho
1789 3526 1912 3579 nesciunt

770 3592 805 3642 de
820 3592 956 3642 excellenti
977 3608 1063 3643 rerum
1083 3598 1221 3660 gestarum
1243 3606 1298 3642 sue-
1348 3588 1497 3656 opponitur
1512 3590 1628 3649 inventu,
1645 3591 1692 3640 sed
1713 3593 1829 3644 verbum
1845 3596 1912 3662 plu-

735 3657 831 3723 moss'u]
865 3657 884 3707 i.
911 3674 935 3709 e.
966 3657 1000 3708 de
1035 3659 1119 3709 rebus
1150 3659 1297 3726 praeclare
1347 3664 1456 3707 caeam
1479 3655 1593 3706 minime
1613 3657 1733 3708 otiosum
1753 3668 1809 3721 est,
1845 3679 1910 3714 curu

736 3724 836 3791 gestis,
854 3723 972 3790 ideoque
991 3724 1085 3791 dignis
1099 3742 1172 3793 quae
1191 3743 1297 3779 memo·
1347 3739 1390 3785 ea,
1407 3740 1479 3789 quse
1495 3725 1623 3789 placeant
1637 3724 1841 3792 inventoribus,
1857 3731 1911 3784 ulii

736 3792 797 3843 riae
815 3791 1023 3842 retruderentur.
1346 3792 1458 3843 soleant
1476 3791 1592 3844 imitari.

737 3858 973 3977 ¹9srprrrp’lvipuns]
993 3859 1036 3909 Cf.
1049 3858 1128 3978 Chaos.
1145 3857 1178 3910 B.
1197 3860 1296 3941 G.·Vl,
1379 3863 1421 3976 tp·
1439 3861 1503 3977 gaes
1514 3861 1629 3991 6οριέιιῗζὶί
1644 3878 1691 3913 uos
1705 3861 1825 3928 sociant]
1847 3862 1909 3914 l'id.

770 3965 778 3988 ,
810 3960 818 3976 .
861 3943 975 3978 uuosu
999 3944 1035 3978 ra
1072 3944 1295 3979 aucmemorscsu.
1346 3942 1437 3978 uo.a
1473 3944 1497 3977 c.
1534 3966 1541 3989 ,
1623 3962 1631 3976 .

735 3992 850 4047 Similis
876 3994 941 4047 vide
970 3944 1044 4063 d'pud
1075 3994 1236 4047 Lucretium
1263 3995 1295 4061 V,
1377 3993 1546 4061 philosophia
1563 3996 1722 4063 auctorest]
1741 3996 1908 4050 oecion.

734 4067 786 4115 325
805 4080 865 4130 sqq.
1346 4061 1378 4112 1).
1398 4062 1420 4134 l,
1438 4067 1456 4112 8
1474 4080 1534 4128 sqq.

768 4151 786 4184 a
807 4150 859 4200 pue
878 4130 1033 4183 Semiramis
1099 4130 1214 4183 creditur
1232 4148 1295 4199 pso·
1379 4138 1481 4196 tempus
1497 4138 1560 4182 cute
1572 4132 1697 4182 muudum
1717 4148 1839 4183 essenon
1857 4151 1908 4202 po·

734 4202 835 4268 creatu]
856 4200 934 4251 llaec
952 4200 1046 4266 opinio
1066 4198 1130 4251 inde
1150 4205 1214 4251 nats
1232 4216 1295 4251 esse
1345 4198 1410 4266 tuit]
1428 4197 1487 4248 l'id.
1507 4207 1563 4249 not.
1583 4200 1617 4249 ad
1636 4198 1696 4249 Sat.
1712 4200 1734 4262 l,
1752 4203 1779 4261 8,
1797 4206 1821 4250 t.

733 4269 859 4333 videtur,
891 4268 964 4334 quod
989 4268 1155 4319 Semiramis
1181 4273 1296 4319 auctore
1382 4269 1422 4315 10.
1461 4267 1551 4334 iguem
1577 4267 1723 4318 aetherium
1748 4303 1773 4317 ..
1797 4268 1908 4321 hamore

734 4337 842 4388 lustina
861 4336 883 4393 l,
898 4340 923 4397 ὓ,
940 4339 972 4396 1.,
992 4353 1054 4386 cum
1071 4336 1142 4387 Nino
1156 4336 1187 4389 in
1207 4353 1294 4404 regno
1344 4333 1451 4399 nutrire]
1472 4334 1566 4398 „lliuc
1584 4335 1691 4385 Balbus
1705 4335 1816 4386 Stoicus
1832 4338 1907 4402 apud

733 4405 912 4460 succederet,
934 4402 1081 4453 dicebatur
1097 4406 1246 4456 simulasse
1263 4422 1295 4455 se
1346 4400 1508 4452 Cicewuem
1529 4403 1563 4451 ¹¹⁰
1580 4401 1612 4453 Ν·
1633 4404 1664 4453 l).
1681 4402 1717 4463 Π,
1739 4407 1778 4453 ¹5-
1800 4403 1840 4454 Βῐῑ
1859 4422 1908 4455 ⁸⁰·

734 4485 785 4536 pro
800 4485 887 4521 uxore
904 4467 1093 4535 Niuililiusu‚
1122 4473 1294 4538 proseminat
1345 4470 1399 4519 lesu
1428 4486 1490 4520 esse
1519 4469 1649 4539 igueuus,
1684 4470 1837 4538 oceanique
1865 4472 1907 4523 ali

734 4553 860 4603 puerum.
1345 4536 1525 4600 humoribus,
1551 4538 1616 4604 quia
1635 4538 1729 4589 nullus
1748 4539 1824 4606 iguis
1843 4539 1906 4591 siue

766 4608 792 4654 8.
827 4602 1292 4671 uutcs'us‘ts'sssu·fuit]i.e.nullum
1345 4610 1426 4671 pustu
1442 4605 1537 4671 aliquo
1553 4605 1641 4673 possit
1660 4623 1833 4673 permanere.
1869 4608 1906 4660 Et

731 4670 832 4723 habuit
848 4670 975 4734 initium,
1000 4672 1055 4724 iam
1074 4683 1139 4726 unte
1158 4674 1292 4742 temporis
1342 4672 1510 4724 scholiastes
1532 4676 1566 4725 ad
1590 4674 1732 4740 aristoph.
1755 4675 1824 4726 Nub.
1843 4680 1904 4727 517.

732 4739 844 4790 initium
860 4738 923 4801 fuit,
943 4739 978 4790 ef.
995 4741 1008 4806 ᾗ
1027 4744 1053 4791 9.
1342 4741 1411 4792 dicit
1429 4743 1532 4806 solem,
1560 4759 1622 4792 cram
1644 4742 1682 4793 sit
1700 4743 1789 4808 ignis,
1818 4743 1854 4793 ad
1873 4760 1905 4794 se

766 4806 832 4871 ecce]
863 4806 911 4857 Sic
938 4805 993 4858 huc
1017 4806 1156 4873 particula
1177 4810 1291 4877 saepius
1341 4809 1553 4861 trehcrsmaris
1572 4810 1778 4862 humiditatem.
1814 4812 1905 4877 Atque

731 4890 800 4925 usus
822 4880 867 4924 ast
886 4873 1055 4924 Macrobius.
1092 4875 1134 4925 Cl.
1160 4893 1183 4926 e.
1206 4882 1252 4940 le,
1277 4879 1290 4944 5
1341 4876 1413 4929 haec
1443 4878 1538 4944 opinio
1562 4880 1629 4929 olim
1661 4886 1716 4930 tam
1745 4879 1904 4931 communis

733 4945 785 5000 le,
801 4940 859 4992 Sat.
877 4941 898 5003 l,
918 4942 943 5001 4,
965 4945 1014 5001 ra,
1032 4942 1203 4994 oteGellio
1220 4945 1290 4997 ibid.
1342 4945 1409 5007 tots,
1442 4954 1473 4997 ut
1495 4946 1636 4997 Anacreon
1669 4947 1720 4998 0d.
1744 4946 1808 4996 xlx
1837 4947 1904 4999 inde

730 5009 744 5068 h
762 5013 814 5071 22,
833 5008 892 5069 vll,
910 5013 935 5068 9,
956 5008 982 5073 §5
1002 5013 1018 5058 9
1036 5013 1122 5058 etto.
1339 5012 1411 5064 setis
1426 5014 1550 5077 lepidum
1567 5023 1690 5065 sumeret
1704 5021 1903 5082 ergrrmeutuus

694 5141 697 5145 ἢ
764 5078 850 5129 multu
867 5077 1289 5143 nesciunt,paceuobisiuoeutc
1340 5080 1374 5131 ed
1402 5098 1497 5131 eorum
1521 5084 1738 5147 propulsandam
1768 5083 1903 5135 iniuriam

728 5144 898 5213 placuerunt]
909 5144 1288 5211 „Verbumploaaerasrteum
1340 5164 1519 5213 erroremque
1544 5151 1743 5209 refellendum,
1778 5150 1825 5215 qui
1851 5168 1903 5202 ua-

730 5230 784 5265 non
811 5213 882 5266 satis
910 5219 1047 5279 repugnet
1072 5214 1213 5265 contrario
1237 5231 1288 5266 soc
1339 5230 1409 5279 gare
1428 5216 1568 5269 audebant
1586 5217 1612 5269 ei
1632 5236 1695 5269 esse
1713 5219 1900 5270 bibendum.“

652 5313 702 5399 ι
729 5282 862 5349 nesciunt,
898 5281 1061 5335 mutandum
1078 5288 1145 5352 puto
1165 5282 1193 5335 iu
1211 5285 1289 5336 iuno·
1341 5283 1428 5335 Zeus.
