<?xml version="1.0" encoding="UTF-8"?>
<!DOCTYPE html PUBLIC "-//W3C//DTD XHTML 1.0 Transitional//EN"
    "http://www.w3.org/TR/xhtml1/DTD/xhtml1-transitional.dtd">
<html xmlns="http://www.w3.org/1999/xhtml" xml:lang="en" lang="en">
 <head>
  <title>
</title>
<meta http-equiv="Content-Type" content="text/html;charset=utf-8" />
  <meta name='ocr-system' content='tesseract 3.04.00' />
  <meta name='ocr-capabilities' content='ocr_page ocr_carea ocr_par ocr_line ocrx_word'/>
</head>
<body>
  <div class='ocr_page' id='page_1' title='image "./operaquaesupers00macrgoog/operaquaesupers00macrgoog_0040.png"; bbox 0 0 5092 6425; ppageno 0'>
   <div class='ocr_carea' id='block_1_1' title="bbox 716 903 1491 978">
    <p class='ocr_par' dir='ltr' id='par_1_1' title="bbox 716 903 1491 978">
     <span class='ocr_line' id='line_1_1' title="bbox 716 903 1491 978; baseline -0.01 0"><span class='ocrx_word' id='word_1_1' title='bbox 716 932 799 978; x_wconf 78' lang='grc' dir='ltr'>ιιιιι</span> <span class='ocrx_word' id='word_1_2' title='bbox 1158 903 1491 973; x_wconf 79' lang='lat' dir='ltr'><strong>PROLEGOMENA.</strong></span> 
     </span>
    </p>
   </div>
   <div class='ocr_carea' id='block_1_2' title="bbox 716 1074 1940 3261">
    <p class='ocr_par' dir='ltr' id='par_1_2' title="bbox 716 1074 1940 3261">
     <span class='ocr_line' id='line_1_2' title="bbox 717 1074 1939 1143; baseline -0.006 -9"><span class='ocrx_word' id='word_1_3' title='bbox 717 1082 793 1134; x_wconf 88' lang='lat' dir='ltr'><strong>allud</strong></span> <span class='ocrx_word' id='word_1_4' title='bbox 811 1092 877 1130; x_wconf 86' lang='lat' dir='ltr'><strong>esse</strong></span> <span class='ocrx_word' id='word_1_5' title='bbox 895 1076 951 1127; x_wconf 88' lang='lat' dir='ltr'><strong>nlsl</strong></span> <span class='ocrx_word' id='word_1_6' title='bbox 969 1076 1073 1142; x_wconf 87' lang='lat' dir='ltr'><strong>solem,</strong></span> <span class='ocrx_word' id='word_1_7' title='bbox 1106 1076 1180 1139; x_wconf 88' lang='lat' dir='ltr'><strong>quod</strong></span> <span class='ocrx_word' id='word_1_8' title='bbox 1197 1076 1316 1141; x_wconf 81' lang='lat' dir='ltr'><strong>denique</strong></span> <span class='ocrx_word' id='word_1_9' title='bbox 1333 1074 1480 1128; x_wconf 88' lang='lat' dir='ltr'><strong>oonlirmat</strong></span> <span class='ocrx_word' id='word_1_10' title='bbox 1498 1077 1709 1143; x_wconf 79' lang='lat' dir='ltr'><strong>theologorum,</strong></span> <span class='ocrx_word' id='word_1_11' title='bbox 1738 1074 1866 1138; x_wconf 87' lang='lat' dir='ltr'><strong>inprimis</strong></span> <span class='ocrx_word' id='word_1_12' title='bbox 1884 1076 1939 1127; x_wconf 87' lang='lat'>01·-</span> 
     </span>
     <span class='ocr_line' id='line_1_3' title="bbox 717 1161 1939 1231; baseline -0.004 -14"><span class='ocrx_word' id='word_1_13' title='bbox 717 1162 988 1231; x_wconf 71' lang='lat' dir='ltr'><strong>phei,·,auctoritate.</strong></span> <span class='ocrx_word' id='word_1_14' title='bbox 1023 1163 1091 1212; x_wconf 87' lang='lat' dir='ltr'><strong>Dum</strong></span> <span class='ocrx_word' id='word_1_15' title='bbox 1107 1161 1197 1213; x_wconf 87' lang='lat' dir='ltr'><strong>ceteri</strong></span> <span class='ocrx_word' id='word_1_16' title='bbox 1213 1162 1386 1213; x_wconf 89' lang='lat' dir='ltr'><strong>admirantur</strong></span> <span class='ocrx_word' id='word_1_17' title='bbox 1403 1161 1491 1212; x_wconf 89' lang='lat' dir='ltr'><strong>Vettii</strong></span> <span class='ocrx_word' id='word_1_18' title='bbox 1507 1161 1674 1227; x_wconf 90' lang='lat' dir='ltr'><strong>orationem,</strong></span> <span class='ocrx_word' id='word_1_19' title='bbox 1695 1166 1735 1221; x_wconf 85' lang='lat' dir='ltr'><strong>(e.</strong></span> <span class='ocrx_word' id='word_1_20' title='bbox 1754 1161 1811 1220; x_wconf 74' lang='lat' dir='ltr'><strong>et.)</strong></span> <span class='ocrx_word' id='word_1_21' title='bbox 1831 1164 1939 1212; x_wconf 85' lang='lat' dir='ltr'><strong>livan-</strong></span> 
     </span>
     <span class='ocr_line' id='line_1_4' title="bbox 717 1244 1939 1315; baseline -0.004 -13"><span class='ocrx_word' id='word_1_22' title='bbox 717 1252 819 1315; x_wconf 89' lang='lat' dir='ltr'><strong>gelus</strong></span> <span class='ocrx_word' id='word_1_23' title='bbox 845 1261 879 1299; x_wconf 88' lang='lat' dir='ltr'><strong>se</strong></span> <span class='ocrx_word' id='word_1_24' title='bbox 900 1249 999 1309; x_wconf 82' lang='lat' dir='ltr'><strong>putare</strong></span> <span class='ocrx_word' id='word_1_25' title='bbox 1022 1245 1062 1296; x_wconf 92' lang='lat' dir='ltr'><strong>ait</strong></span> <span class='ocrx_word' id='word_1_26' title='bbox 1082 1244 1273 1310; x_wconf 77' lang='lat' dir='ltr'><strong>Virgilium</strong></span> <span class='ocrx_word' id='word_1_27' title='bbox 1299 1247 1429 1297; x_wconf 84' lang='lat' dir='ltr'><strong>Liberum</strong></span> <span class='ocrx_word' id='word_1_28' title='bbox 1452 1251 1481 1297; x_wconf 92' lang='lat' dir='ltr'><strong>et</strong></span> <span class='ocrx_word' id='word_1_29' title='bbox 1503 1245 1632 1297; x_wconf 83' lang='lat' dir='ltr'><strong>cererem</strong></span> <span class='ocrx_word' id='word_1_30' title='bbox 1657 1258 1708 1309; x_wconf 92' lang='lat' dir='ltr'><strong>pro</strong></span> <span class='ocrx_word' id='word_1_31' title='bbox 1735 1247 1799 1296; x_wconf 89' lang='lat' dir='ltr'><strong>sule</strong></span> <span class='ocrx_word' id='word_1_32' title='bbox 1821 1250 1852 1296; x_wconf 91' lang='lat' dir='ltr'><strong>et</strong></span> <span class='ocrx_word' id='word_1_33' title='bbox 1872 1246 1939 1297; x_wconf 87' lang='lat' dir='ltr'><strong>luna</strong></span> 
     </span>
     <span class='ocr_line' id='line_1_5' title="bbox 716 1330 1938 1398; baseline -0.002 -13"><span class='ocrx_word' id='word_1_34' title='bbox 716 1335 824 1385; x_wconf 84' lang='lat' dir='ltr'><strong>dixisse</strong></span> <span class='ocrx_word' id='word_1_35' title='bbox 845 1332 894 1398; x_wconf 86' lang='lat' dir='ltr'><strong>„iu</strong></span> <span class='ocrx_word' id='word_1_36' title='bbox 911 1330 1031 1383; x_wconf 83' lang='lat' dir='ltr'><strong>alterins</strong></span> <span class='ocrx_word' id='word_1_37' title='bbox 1049 1334 1150 1392; x_wconf 85' lang='lat' dir='ltr'><strong>poetae</strong></span> <span class='ocrx_word' id='word_1_38' title='bbox 1169 1330 1366 1396; x_wconf 89' lang='lat' dir='ltr'><strong>imitationem,</strong></span> <span class='ocrx_word' id='word_1_39' title='bbox 1391 1344 1442 1381; x_wconf 89' lang='lat' dir='ltr'><strong>eur</strong></span> <span class='ocrx_word' id='word_1_40' title='bbox 1460 1331 1602 1381; x_wconf 86' lang='lat' dir='ltr'><strong>diceretur</strong></span> <span class='ocrx_word' id='word_1_41' title='bbox 1623 1330 1832 1398; x_wconf 80' lang='lat' dir='ltr'><strong>ignorantem“,</strong></span> <span class='ocrx_word' id='word_1_42' title='bbox 1857 1345 1938 1395; x_wconf 90' lang='lat' dir='ltr'><strong>quum</strong></span> 
     </span>
     <span class='ocr_line' id='line_1_6' title="bbox 716 1415 1939 1482; baseline -0.003 -12"><span class='ocrx_word' id='word_1_43' title='bbox 716 1420 777 1482; x_wconf 87' lang='lat' dir='ltr'><strong>lpse</strong></span> <span class='ocrx_word' id='word_1_44' title='bbox 796 1417 921 1481; x_wconf 76' lang='lat' dir='ltr'><strong>Tullius,</strong></span> <span class='ocrx_word' id='word_1_45' title='bbox 960 1415 1110 1479; x_wconf 86' lang='lat' dir='ltr'><strong>„quotiens</strong></span> <span class='ocrx_word' id='word_1_46' title='bbox 1133 1419 1182 1466; x_wconf 85' lang='lat' dir='ltr'><strong>aut</strong></span> <span class='ocrx_word' id='word_1_47' title='bbox 1200 1416 1234 1465; x_wconf 92' lang='lat' dir='ltr'><strong>de</strong></span> <span class='ocrx_word' id='word_1_48' title='bbox 1256 1420 1356 1467; x_wconf 85' lang='lat' dir='ltr'><strong>natura</strong></span> <span class='ocrx_word' id='word_1_49' title='bbox 1380 1418 1495 1467; x_wconf 88' lang='lat' dir='ltr'><strong>deorum</strong></span> <span class='ocrx_word' id='word_1_50' title='bbox 1517 1420 1567 1466; x_wconf 86' lang='lat' dir='ltr'><strong>aut</strong></span> <span class='ocrx_word' id='word_1_51' title='bbox 1583 1416 1617 1466; x_wconf 89' lang='lat' dir='ltr'><strong>de</strong></span> <span class='ocrx_word' id='word_1_52' title='bbox 1636 1416 1694 1465; x_wconf 85' lang='lat' dir='ltr'><strong>into</strong></span> <span class='ocrx_word' id='word_1_53' title='bbox 1712 1421 1761 1465; x_wconf 91' lang='lat' dir='ltr'><strong>aut</strong></span> <span class='ocrx_word' id='word_1_54' title='bbox 1777 1417 1811 1465; x_wconf 90' lang='lat' dir='ltr'><strong>de</strong></span> <span class='ocrx_word' id='word_1_55' title='bbox 1830 1415 1939 1466; x_wconf 84' lang='lat' dir='ltr'><strong>divina-</strong></span> 
     </span>
     <span class='ocr_line' id='line_1_7' title="bbox 718 1498 1939 1567; baseline -0.005 -11"><span class='ocrx_word' id='word_1_56' title='bbox 718 1503 795 1557; x_wconf 89' lang='lat' dir='ltr'><strong>tione</strong></span> <span class='ocrx_word' id='word_1_57' title='bbox 814 1502 953 1567; x_wconf 87' lang='lat' dir='ltr'><strong>disputet,</strong></span> <span class='ocrx_word' id='word_1_58' title='bbox 984 1499 1104 1562; x_wconf 80' lang='lat' dir='ltr'><strong>gloriam</strong></span> <span class='ocrx_word' id='word_1_59' title='bbox 1127 1513 1207 1563; x_wconf 90' lang='lat' dir='ltr'><strong>quam</strong></span> <span class='ocrx_word' id='word_1_60' title='bbox 1225 1501 1354 1551; x_wconf 89' lang='lat' dir='ltr'><strong>oratione</strong></span> <span class='ocrx_word' id='word_1_61' title='bbox 1373 1498 1554 1564; x_wconf 86' lang='lat' dir='ltr'><strong>conflaverit,</strong></span> <span class='ocrx_word' id='word_1_62' title='bbox 1586 1499 1730 1550; x_wconf 87' lang='lat' dir='ltr'><strong>incondita</strong></span> <span class='ocrx_word' id='word_1_63' title='bbox 1750 1512 1845 1550; x_wconf 90' lang='lat' dir='ltr'><strong>rernm</strong></span> <span class='ocrx_word' id='word_1_64' title='bbox 1863 1502 1939 1550; x_wconf 90' lang='lat' dir='ltr'><strong>rela-</strong></span> 
     </span>
     <span class='ocr_line' id='line_1_8' title="bbox 718 1582 1939 1651; baseline -0.003 -12"><span class='ocrx_word' id='word_1_65' title='bbox 718 1589 795 1639; x_wconf 82' lang='lat' dir='ltr'><strong>tione</strong></span> <span class='ocrx_word' id='word_1_66' title='bbox 812 1582 945 1637; x_wconf 85' lang='lat' dir='ltr'><strong>miuuat.“</strong></span> <span class='ocrx_word' id='word_1_67' title='bbox 980 1583 1087 1636; x_wconf 77' lang='lat' dir='ltr'><strong>contra</strong></span> <span class='ocrx_word' id='word_1_68' title='bbox 1104 1584 1172 1635; x_wconf 89' lang='lat' dir='ltr'><strong>dicit</strong></span> <span class='ocrx_word' id='word_1_69' title='bbox 1189 1586 1413 1646; x_wconf 73' lang='lat' dir='ltr'><strong>symachus</strong></span> <span class='ocrx_word' id='word_1_70' title='bbox 1430 1584 1635 1648; x_wconf 77' lang='lat' dir='ltr'><strong>polliceturque</strong></span> <span class='ocrx_word' id='word_1_71' title='bbox 1652 1584 1881 1651; x_wconf 85' lang='lat' dir='ltr'><strong>„violentissima</strong></span> <span class='ocrx_word' id='word_1_72' title='bbox 1895 1585 1939 1635; x_wconf 91' lang='lat' dir='ltr'><strong>in-</strong></span> 
     </span>
     <span class='ocr_line' id='line_1_9' title="bbox 719 1668 1938 1735; baseline -0.003 -12"><span class='ocrx_word' id='word_1_73' title='bbox 719 1676 804 1723; x_wconf 82' lang='lat' dir='ltr'><strong>venta</strong></span> <span class='ocrx_word' id='word_1_74' title='bbox 828 1672 874 1721; x_wconf 84' lang='lat' dir='ltr'><strong>vel</strong></span> <span class='ocrx_word' id='word_1_75' title='bbox 895 1682 983 1720; x_wconf 86' lang='lat' dir='ltr'><strong>sensa</strong></span> <span class='ocrx_word' id='word_1_76' title='bbox 1003 1669 1162 1721; x_wconf 75' lang='lat' dir='ltr'><strong>rhetoricae</strong></span> <span class='ocrx_word' id='word_1_77' title='bbox 1182 1669 1211 1719; x_wconf 93' lang='lat' dir='ltr'><strong>in</strong></span> <span class='ocrx_word' id='word_1_78' title='bbox 1234 1669 1393 1733; x_wconf 85' lang='lat' dir='ltr'><strong>virgiliano</strong></span> <span class='ocrx_word' id='word_1_79' title='bbox 1418 1681 1451 1719; x_wconf 86' lang='lat' dir='ltr'><strong>se</strong></span> <span class='ocrx_word' id='word_1_80' title='bbox 1474 1681 1560 1730; x_wconf 89' lang='lat' dir='ltr'><strong>opere</strong></span> <span class='ocrx_word' id='word_1_81' title='bbox 1584 1668 1869 1735; x_wconf 87' lang='lat' dir='ltr'><strong>demonstraturum“,</strong></span> <span class='ocrx_word' id='word_1_82' title='bbox 1904 1671 1938 1720; x_wconf 87' lang='lat' dir='ltr'><strong>ad</strong></span> 
     </span>
     <span class='ocr_line' id='line_1_10' title="bbox 717 1753 1939 1819; baseline -0.002 -10"><span class='ocrx_word' id='word_1_83' title='bbox 717 1756 867 1809; x_wconf 68' lang='lat' dir='ltr'><strong>Eusebium</strong></span> <span class='ocrx_word' id='word_1_84' title='bbox 891 1767 959 1804; x_wconf 85' lang='lat' dir='ltr'><strong>vcro</strong></span> <span class='ocrx_word' id='word_1_85' title='bbox 983 1754 1096 1817; x_wconf 81' lang='lat' dir='ltr'><strong>delegat</strong></span> <span class='ocrx_word' id='word_1_86' title='bbox 1116 1755 1172 1819; x_wconf 88' lang='lat' dir='ltr'><strong>„de</strong></span> <span class='ocrx_word' id='word_1_87' title='bbox 1194 1753 1322 1805; x_wconf 86' lang='lat' dir='ltr'><strong>oratoria</strong></span> <span class='ocrx_word' id='word_1_88' title='bbox 1344 1754 1417 1815; x_wconf 86' lang='lat' dir='ltr'><strong>apud</strong></span> <span class='ocrx_word' id='word_1_89' title='bbox 1438 1754 1584 1804; x_wconf 82' lang='lat' dir='ltr'><strong>Maronem</strong></span> <span class='ocrx_word' id='word_1_90' title='bbox 1606 1760 1669 1804; x_wconf 89' lang='lat' dir='ltr'><strong>arte</strong></span> <span class='ocrx_word' id='word_1_91' title='bbox 1694 1753 1876 1819; x_wconf 83' lang='lat' dir='ltr'><strong>tractatum“,</strong></span> <span class='ocrx_word' id='word_1_92' title='bbox 1911 1759 1939 1807; x_wconf 87' lang='lat' dir='ltr'><strong>et</strong></span> 
     </span>
     <span class='ocr_line' id='line_1_11' title="bbox 717 1837 1940 1905; baseline -0.004 -12"><span class='ocrx_word' id='word_1_93' title='bbox 717 1842 843 1905; x_wconf 88' lang='lat' dir='ltr'><strong>reliquos</strong></span> <span class='ocrx_word' id='word_1_94' title='bbox 861 1842 1004 1905; x_wconf 88' lang='lat' dir='ltr'><strong>precatur,</strong></span> <span class='ocrx_word' id='word_1_95' title='bbox 1024 1843 1057 1888; x_wconf 91' lang='lat' dir='ltr'><strong>ut</strong></span> <span class='ocrx_word' id='word_1_96' title='bbox 1076 1839 1171 1903; x_wconf 85' lang='lat' dir='ltr'><strong>„quod</strong></span> <span class='ocrx_word' id='word_1_97' title='bbox 1190 1837 1307 1901; x_wconf 87' lang='lat' dir='ltr'><strong>quisque</strong></span> <span class='ocrx_word' id='word_1_98' title='bbox 1324 1837 1502 1900; x_wconf 89' lang='lat' dir='ltr'><strong>praecipuum</strong></span> <span class='ocrx_word' id='word_1_99' title='bbox 1521 1837 1575 1888; x_wconf 89' lang='lat' dir='ltr'><strong>sibi</strong></span> <span class='ocrx_word' id='word_1_100' title='bbox 1593 1839 1772 1889; x_wconf 71' lang='lat' dir='ltr'><strong>adnotaverit</strong></span> <span class='ocrx_word' id='word_1_101' title='bbox 1790 1839 1825 1888; x_wconf 88' lang='lat' dir='ltr'><strong>de</strong></span> <span class='ocrx_word' id='word_1_102' title='bbox 1843 1840 1940 1888; x_wconf 80' lang='lat' dir='ltr'><strong>hiaro-</strong></span> 
     </span>
     <span class='ocr_line' id='line_1_12' title="bbox 718 1920 1939 1990; baseline -0.005 -11"><span class='ocrx_word' id='word_1_103' title='bbox 718 1929 762 1979; x_wconf 87' lang='lat' dir='ltr'><strong>nis</strong></span> <span class='ocrx_word' id='word_1_104' title='bbox 779 1927 893 1990; x_wconf 86' lang='lat' dir='ltr'><strong>ingenio</strong></span> <span class='ocrx_word' id='word_1_105' title='bbox 910 1922 987 1974; x_wconf 84' lang='lat' dir='ltr'><strong>velut</strong></span> <span class='ocrx_word' id='word_1_106' title='bbox 1005 1935 1041 1973; x_wconf 84' lang='lat' dir='ltr'><strong>ex</strong></span> <span class='ocrx_word' id='word_1_107' title='bbox 1059 1923 1188 1985; x_wconf 79' lang='lat' dir='ltr'><strong>symbola</strong></span> <span class='ocrx_word' id='word_1_108' title='bbox 1207 1920 1371 1972; x_wconf 79' lang='lat' dir='ltr'><strong>coniurat.“</strong></span> <span class='ocrx_word' id='word_1_109' title='bbox 1418 1921 1558 1972; x_wconf 88' lang='lat' dir='ltr'><strong>Promittit</strong></span> <span class='ocrx_word' id='word_1_110' title='bbox 1578 1922 1725 1973; x_wconf 86' lang='lat' dir='ltr'><strong>vettius</strong></span> <span class='ocrx_word' id='word_1_111' title='bbox 1749 1936 1782 1974; x_wconf 88' lang='lat' dir='ltr'><strong>sc</strong></span> <span class='ocrx_word' id='word_1_112' title='bbox 1804 1925 1939 1985; x_wconf 88' lang='lat' dir='ltr'><strong>probatu-</strong></span> 
     </span>
     <span class='ocr_line' id='line_1_13' title="bbox 719 2003 1939 2072; baseline -0.005 -9"><span class='ocrx_word' id='word_1_113' title='bbox 719 2025 779 2064; x_wconf 88' lang='lat' dir='ltr'><strong>rum</strong></span> <span class='ocrx_word' id='word_1_114' title='bbox 800 2023 866 2061; x_wconf 87' lang='lat' dir='ltr'><strong>esse</strong></span> <span class='ocrx_word' id='word_1_115' title='bbox 878 2008 1064 2072; x_wconf 74' lang='lat' dir='ltr'><strong>Virgilium</strong></span> <span class='ocrx_word' id='word_1_116' title='bbox 1082 2006 1267 2071; x_wconf 86' lang='lat' dir='ltr'><strong>„doctissime</strong></span> <span class='ocrx_word' id='word_1_117' title='bbox 1287 2006 1333 2056; x_wconf 85' lang='lat' dir='ltr'><strong>ius</strong></span> <span class='ocrx_word' id='word_1_118' title='bbox 1350 2003 1530 2072; x_wconf 86' lang='lat' dir='ltr'><strong>pontificium,</strong></span> <span class='ocrx_word' id='word_1_119' title='bbox 1544 2011 1681 2069; x_wconf 83' lang='lat' dir='ltr'><strong>tanquam</strong></span> <span class='ocrx_word' id='word_1_120' title='bbox 1698 2009 1752 2059; x_wconf 91' lang='lat' dir='ltr'><strong>hoo</strong></span> <span class='ocrx_word' id='word_1_121' title='bbox 1770 2009 1939 2072; x_wconf 81' lang='lat' dir='ltr'><strong>professum,</strong></span> 
     </span>
     <span class='ocr_line' id='line_1_14' title="bbox 717 2088 1940 2156; baseline -0.005 -8"><span class='ocrx_word' id='word_1_122' title='bbox 717 2098 747 2149; x_wconf 90' lang='lat' dir='ltr'><strong>in</strong></span> <span class='ocrx_word' id='word_1_123' title='bbox 771 2097 851 2147; x_wconf 85' lang='lat' dir='ltr'><strong>varia</strong></span> <span class='ocrx_word' id='word_1_124' title='bbox 874 2093 969 2156; x_wconf 87' lang='lat' dir='ltr'><strong>operis</strong></span> <span class='ocrx_word' id='word_1_125' title='bbox 992 2092 1038 2143; x_wconf 87' lang='lat' dir='ltr'><strong>aui</strong></span> <span class='ocrx_word' id='word_1_126' title='bbox 1059 2095 1121 2141; x_wconf 90' lang='lat' dir='ltr'><strong>arte</strong></span> <span class='ocrx_word' id='word_1_127' title='bbox 1144 2088 1295 2154; x_wconf 86' lang='lat' dir='ltr'><strong>servare“,</strong></span> <span class='ocrx_word' id='word_1_128' title='bbox 1328 2091 1523 2142; x_wconf 75' lang='lat' dir='ltr'><strong>Flavianus</strong></span> <span class='ocrx_word' id='word_1_129' title='bbox 1546 2104 1678 2143; x_wconf 88' lang='lat' dir='ltr'><strong>summam</strong></span> <span class='ocrx_word' id='word_1_130' title='bbox 1704 2092 1732 2143; x_wconf 92' lang='lat' dir='ltr'><strong>in</strong></span> <span class='ocrx_word' id='word_1_131' title='bbox 1761 2105 1797 2142; x_wconf 88' lang='lat' dir='ltr'><strong>eo</strong></span> <span class='ocrx_word' id='word_1_132' title='bbox 1820 2091 1940 2142; x_wconf 83' lang='lat' dir='ltr'><strong>inveniri</strong></span> 
     </span>
     <span class='ocr_line' id='line_1_15' title="bbox 717 2175 1939 2243; baseline -0.006 -10"><span class='ocrx_word' id='word_1_133' title='bbox 717 2182 789 2233; x_wconf 86' lang='lat' dir='ltr'><strong>iuris</strong></span> <span class='ocrx_word' id='word_1_134' title='bbox 816 2177 962 2243; x_wconf 86' lang='lat' dir='ltr'><strong>auguralis</strong></span> <span class='ocrx_word' id='word_1_135' title='bbox 990 2175 1151 2240; x_wconf 73' lang='lat' dir='ltr'><strong>nolentiam,</strong></span> <span class='ocrx_word' id='word_1_136' title='bbox 1185 2176 1393 2227; x_wconf 82' lang='lat' dir='ltr'><strong>liustathius</strong></span> <span class='ocrx_word' id='word_1_137' title='bbox 1415 2177 1622 2240; x_wconf 71' lang='lat' dir='ltr'><strong>„astrologiam</strong></span> <span class='ocrx_word' id='word_1_138' title='bbox 1645 2181 1787 2241; x_wconf 87' lang='lat' dir='ltr'><strong>totamque</strong></span> <span class='ocrx_word' id='word_1_139' title='bbox 1814 2176 1939 2239; x_wconf 88' lang='lat' dir='ltr'><strong>philoso-</strong></span> 
     </span>
     <span class='ocr_line' id='line_1_16' title="bbox 719 2258 1940 2329; baseline -0.005 -13"><span class='ocrx_word' id='word_1_140' title='bbox 719 2266 809 2329; x_wconf 87' lang='lat' dir='ltr'><strong>phiam</strong></span> <span class='ocrx_word' id='word_1_141' title='bbox 828 2277 888 2314; x_wconf 90' lang='lat' dir='ltr'><strong>eum</strong></span> <span class='ocrx_word' id='word_1_142' title='bbox 910 2274 1023 2325; x_wconf 88' lang='lat' dir='ltr'><strong>parcum</strong></span> <span class='ocrx_word' id='word_1_143' title='bbox 1043 2264 1074 2310; x_wconf 88' lang='lat' dir='ltr'><strong>ct</strong></span> <span class='ocrx_word' id='word_1_144' title='bbox 1090 2258 1211 2310; x_wconf 89' lang='lat' dir='ltr'><strong>sobrium</strong></span> <span class='ocrx_word' id='word_1_145' title='bbox 1234 2260 1313 2322; x_wconf 91' lang='lat' dir='ltr'><strong>operi</strong></span> <span class='ocrx_word' id='word_1_146' title='bbox 1330 2273 1383 2311; x_wconf 87' lang='lat' dir='ltr'><strong>suo</strong></span> <span class='ocrx_word' id='word_1_147' title='bbox 1403 2274 1539 2323; x_wconf 80' lang='lat' dir='ltr'><strong>nusquam</strong></span> <span class='ocrx_word' id='word_1_148' title='bbox 1561 2263 1816 2324; x_wconf 88' lang='lat' dir='ltr'><strong>reprehendendum</strong></span> <span class='ocrx_word' id='word_1_149' title='bbox 1840 2273 1940 2324; x_wconf 89' lang='lat' dir='ltr'><strong>asper·</strong></span> 
     </span>
     <span class='ocr_line' id='line_1_17' title="bbox 718 2345 1939 2415; baseline -0.005 -14"><span class='ocrx_word' id='word_1_150' title='bbox 718 2347 826 2415; x_wconf 85' lang='lat' dir='ltr'><strong>aisse“,</strong></span> <span class='ocrx_word' id='word_1_151' title='bbox 855 2352 1048 2411; x_wconf 75' lang='lat' dir='ltr'><strong>praeterquam</strong></span> <span class='ocrx_word' id='word_1_152' title='bbox 1071 2345 1144 2408; x_wconf 85' lang='lat' dir='ltr'><strong>quod</strong></span> <span class='ocrx_word' id='word_1_153' title='bbox 1171 2345 1256 2396; x_wconf 85' lang='lat' dir='ltr'><strong>multa</strong></span> <span class='ocrx_word' id='word_1_154' title='bbox 1283 2345 1339 2409; x_wconf 89' lang='lat' dir='ltr'><strong>„de</strong></span> <span class='ocrx_word' id='word_1_155' title='bbox 1362 2345 1481 2396; x_wconf 70' lang='lat' dir='ltr'><strong>Graecis</strong></span> <span class='ocrx_word' id='word_1_156' title='bbox 1509 2347 1591 2397; x_wconf 90' lang='lat' dir='ltr'><strong>modo</strong></span> <span class='ocrx_word' id='word_1_157' title='bbox 1615 2350 1718 2397; x_wconf 85' lang='lat' dir='ltr'><strong>cautus</strong></span> <span class='ocrx_word' id='word_1_158' title='bbox 1745 2349 1774 2397; x_wconf 92' lang='lat' dir='ltr'><strong>et</strong></span> <span class='ocrx_word' id='word_1_159' title='bbox 1801 2349 1939 2408; x_wconf 67' lang='lat' dir='ltr'><strong>umquem</strong></span> 
     </span>
     <span class='ocr_line' id='line_1_18' title="bbox 718 2428 1939 2496; baseline -0.005 -10"><span class='ocrx_word' id='word_1_160' title='bbox 718 2435 794 2486; x_wconf 86' lang='lat' dir='ltr'><strong>aliud</strong></span> <span class='ocrx_word' id='word_1_161' title='bbox 810 2446 900 2496; x_wconf 83' lang='lat' dir='ltr'><strong>agens</strong></span> <span class='ocrx_word' id='word_1_162' title='bbox 920 2432 1002 2482; x_wconf 84' lang='lat' dir='ltr'><strong>modo</strong></span> <span class='ocrx_word' id='word_1_163' title='bbox 1019 2429 1151 2492; x_wconf 78' lang='lat' dir='ltr'><strong>protensa</strong></span> <span class='ocrx_word' id='word_1_164' title='bbox 1167 2429 1322 2480; x_wconf 88' lang='lat' dir='ltr'><strong>imitatione</strong></span> <span class='ocrx_word' id='word_1_165' title='bbox 1347 2428 1551 2494; x_wconf 86' lang='lat' dir='ltr'><strong>transtulerit,“</strong></span> <span class='ocrx_word' id='word_1_166' title='bbox 1586 2431 1715 2482; x_wconf 73' lang='lat' dir='ltr'><strong>Furius</strong></span> <span class='ocrx_word' id='word_1_167' title='bbox 1735 2435 1764 2482; x_wconf 88' lang='lat' dir='ltr'><strong>et</strong></span> <span class='ocrx_word' id='word_1_168' title='bbox 1786 2431 1939 2482; x_wconf 77' lang='lat' dir='ltr'><strong>Caecina</strong></span> 
     </span>
     <span class='ocr_line' id='line_1_19' title="bbox 720 2512 1939 2582; baseline -0.004 -13"><span class='ocrx_word' id='word_1_169' title='bbox 720 2517 836 2569; x_wconf 78' lang='lat' dir='ltr'><strong>Albini</strong></span> <span class='ocrx_word' id='word_1_170' title='bbox 852 2513 1023 2582; x_wconf 85' lang='lat' dir='ltr'><strong>„vetustatis</strong></span> <span class='ocrx_word' id='word_1_171' title='bbox 1043 2512 1249 2563; x_wconf 79' lang='lat' dir='ltr'><strong>affectationem</strong></span> <span class='ocrx_word' id='word_1_172' title='bbox 1265 2513 1295 2562; x_wconf 91' lang='lat' dir='ltr'><strong>ln</strong></span> <span class='ocrx_word' id='word_1_173' title='bbox 1307 2513 1424 2576; x_wconf 72' lang='lat' dir='ltr'><strong>Virgilio</strong></span> <span class='ocrx_word' id='word_1_174' title='bbox 1440 2513 1649 2581; x_wconf 83' lang='lat' dir='ltr'><strong>praedicabant,</strong></span> <span class='ocrx_word' id='word_1_175' title='bbox 1667 2516 1740 2566; x_wconf 92' lang='lat' dir='ltr'><strong>alter</strong></span> <span class='ocrx_word' id='word_1_176' title='bbox 1752 2516 1781 2566; x_wconf 91' lang='lat' dir='ltr'><strong>ln</strong></span> <span class='ocrx_word' id='word_1_177' title='bbox 1798 2517 1939 2580; x_wconf 84' lang='lat' dir='ltr'><strong>versibus,</strong></span> 
     </span>
     <span class='ocr_line' id='line_1_20' title="bbox 719 2597 1939 2666; baseline -0.004 -12"><span class='ocrx_word' id='word_1_178' title='bbox 719 2601 845 2654; x_wconf 81' lang='lat' dir='ltr'><strong>Caecina</strong></span> <span class='ocrx_word' id='word_1_179' title='bbox 865 2599 894 2649; x_wconf 90' lang='lat' dir='ltr'><strong>in</strong></span> <span class='ocrx_word' id='word_1_180' title='bbox 918 2597 1043 2661; x_wconf 86' lang='lat' dir='ltr'><strong>verbis“,</strong></span> <span class='ocrx_word' id='word_1_181' title='bbox 1077 2597 1232 2666; x_wconf 77' lang='lat' dir='ltr'><strong>Avienus</strong></span> <span class='ocrx_word' id='word_1_182' title='bbox 1255 2610 1309 2662; x_wconf 89' lang='lat' dir='ltr'><strong>„se</strong></span> <span class='ocrx_word' id='word_1_183' title='bbox 1332 2610 1388 2648; x_wconf 90' lang='lat' dir='ltr'><strong>non</strong></span> <span class='ocrx_word' id='word_1_184' title='bbox 1413 2610 1495 2648; x_wconf 86' lang='lat' dir='ltr'><strong>unam</strong></span> <span class='ocrx_word' id='word_1_185' title='bbox 1517 2597 1637 2662; x_wconf 85' lang='lat' dir='ltr'><strong>aliquam</strong></span> <span class='ocrx_word' id='word_1_186' title='bbox 1658 2599 1699 2649; x_wconf 89' lang='lat' dir='ltr'><strong>ait</strong></span> <span class='ocrx_word' id='word_1_187' title='bbox 1718 2601 1753 2650; x_wconf 88' lang='lat' dir='ltr'><strong>dc</strong></span> <span class='ocrx_word' id='word_1_188' title='bbox 1771 2599 1939 2665; x_wconf 81' lang='lat' dir='ltr'><strong>virgilianis</strong></span> 
     </span>
     <span class='ocr_line' id='line_1_21' title="bbox 719 2678 1939 2749; baseline -0.002 -11"><span class='ocrx_word' id='word_1_189' title='bbox 719 2685 868 2738; x_wconf 81' lang='lat' dir='ltr'><strong>virtutibus</strong></span> <span class='ocrx_word' id='word_1_190' title='bbox 887 2683 991 2734; x_wconf 89' lang='lat' dir='ltr'><strong>audere</strong></span> <span class='ocrx_word' id='word_1_191' title='bbox 1009 2678 1202 2745; x_wconf 86' lang='lat' dir='ltr'><strong>praedicare“,</strong></span> <span class='ocrx_word' id='word_1_192' title='bbox 1237 2682 1288 2731; x_wconf 88' lang='lat' dir='ltr'><strong>sed</strong></span> <span class='ocrx_word' id='word_1_193' title='bbox 1306 2683 1477 2744; x_wconf 88' lang='lat' dir='ltr'><strong>prolaturum</strong></span> <span class='ocrx_word' id='word_1_194' title='bbox 1496 2694 1563 2733; x_wconf 86' lang='lat' dir='ltr'><strong>csse</strong></span> <span class='ocrx_word' id='word_1_195' title='bbox 1580 2683 1627 2749; x_wconf 85' lang='lat' dir='ltr'><strong>„si</strong></span> <span class='ocrx_word' id='word_1_196' title='bbox 1652 2685 1716 2746; x_wconf 86' lang='lat' dir='ltr'><strong>quid</strong></span> <span class='ocrx_word' id='word_1_197' title='bbox 1736 2687 1781 2736; x_wconf 84' lang='lat' dir='ltr'><strong>rel</strong></span> <span class='ocrx_word' id='word_1_198' title='bbox 1804 2698 1879 2737; x_wconf 88' lang='lat' dir='ltr'><strong>nune</strong></span> <span class='ocrx_word' id='word_1_199' title='bbox 1905 2685 1939 2735; x_wconf 81' lang='lat' dir='ltr'><strong>da</strong></span> 
     </span>
     <span class='ocr_line' id='line_1_22' title="bbox 718 2763 1940 2834; baseline -0.002 -12"><span class='ocrx_word' id='word_1_200' title='bbox 718 2771 755 2822; x_wconf 85' lang='lat' dir='ltr'><strong>iis</strong></span> <span class='ocrx_word' id='word_1_201' title='bbox 774 2780 963 2834; x_wconf 86' lang='lat' dir='ltr'><strong>quaecumque</strong></span> <span class='ocrx_word' id='word_1_202' title='bbox 980 2765 1075 2817; x_wconf 81' lang='lat' dir='ltr'><strong>dicant</strong></span> <span class='ocrx_word' id='word_1_203' title='bbox 1089 2764 1156 2831; x_wconf 87' lang='lat' dir='ltr'><strong>alil,</strong></span> <span class='ocrx_word' id='word_1_204' title='bbox 1178 2763 1233 2816; x_wconf 90' lang='lat' dir='ltr'><strong>sibi</strong></span> <span class='ocrx_word' id='word_1_205' title='bbox 1249 2764 1352 2830; x_wconf 82' lang='lat' dir='ltr'><strong>risum,</strong></span> <span class='ocrx_word' id='word_1_206' title='bbox 1375 2767 1421 2817; x_wconf 77' lang='lat' dir='ltr'><strong>vel</strong></span> <span class='ocrx_word' id='word_1_207' title='bbox 1437 2767 1491 2818; x_wconf 86' lang='lat' dir='ltr'><strong>ianr</strong></span> <span class='ocrx_word' id='word_1_208' title='bbox 1510 2768 1609 2818; x_wconf 87' lang='lat' dir='ltr'><strong>dudum</strong></span> <span class='ocrx_word' id='word_1_209' title='bbox 1625 2769 1732 2832; x_wconf 86' lang='lat' dir='ltr'><strong>legenti</strong></span> <span class='ocrx_word' id='word_1_210' title='bbox 1748 2771 1834 2820; x_wconf 78' lang='lat' dir='ltr'><strong>merit</strong></span> <span class='ocrx_word' id='word_1_211' title='bbox 1851 2770 1940 2820; x_wconf 85' lang='lat' dir='ltr'><strong>adno-</strong></span> 
     </span>
     <span class='ocr_line' id='line_1_23' title="bbox 719 2849 1939 2919; baseline -0.002 -13"><span class='ocrx_word' id='word_1_212' title='bbox 719 2860 822 2919; x_wconf 82' lang='lat' dir='ltr'><strong>tatum,</strong></span> <span class='ocrx_word' id='word_1_213' title='bbox 859 2867 877 2903; x_wconf 91' lang='lat' dir='ltr'><strong>a</strong></span> <span class='ocrx_word' id='word_1_214' title='bbox 895 2851 1020 2903; x_wconf 77' lang='lat' dir='ltr'><strong>servio</strong></span> <span class='ocrx_word' id='word_1_215' title='bbox 1039 2854 1130 2902; x_wconf 89' lang='lat' dir='ltr'><strong>autem</strong></span> <span class='ocrx_word' id='word_1_216' title='bbox 1149 2849 1315 2914; x_wconf 84' lang='lat' dir='ltr'><strong>exigendum</strong></span> <span class='ocrx_word' id='word_1_217' title='bbox 1331 2864 1421 2914; x_wconf 83' lang='lat' dir='ltr'><strong>esse,</strong></span> <span class='ocrx_word' id='word_1_218' title='bbox 1445 2856 1476 2902; x_wconf 91' lang='lat' dir='ltr'><strong>ut</strong></span> <span class='ocrx_word' id='word_1_219' title='bbox 1494 2851 1624 2915; x_wconf 89' lang='lat' dir='ltr'><strong>quidquid</strong></span> <span class='ocrx_word' id='word_1_220' title='bbox 1645 2854 1793 2905; x_wconf 89' lang='lat' dir='ltr'><strong>obscurum</strong></span> <span class='ocrx_word' id='word_1_221' title='bbox 1811 2854 1939 2905; x_wconf 82' lang='lat' dir='ltr'><strong>videatur</strong></span> 
     </span>
     <span class='ocr_line' id='line_1_24' title="bbox 720 2934 1938 3005; baseline -0.002 -14"><span class='ocrx_word' id='word_1_222' title='bbox 720 2940 802 3005; x_wconf 86' lang='lat' dir='ltr'><strong>quasi</strong></span> <span class='ocrx_word' id='word_1_223' title='bbox 818 2939 995 2989; x_wconf 85' lang='lat' dir='ltr'><strong>literatorum</strong></span> <span class='ocrx_word' id='word_1_224' title='bbox 1013 2934 1131 2986; x_wconf 90' lang='lat' dir='ltr'><strong>omnium</strong></span> <span class='ocrx_word' id='word_1_225' title='bbox 1153 2934 1241 2998; x_wconf 83' lang='lat' dir='ltr'><strong>longe</strong></span> <span class='ocrx_word' id='word_1_226' title='bbox 1259 2935 1394 2986; x_wconf 86' lang='lat' dir='ltr'><strong>maximus</strong></span> <span class='ocrx_word' id='word_1_227' title='bbox 1413 2937 1503 2998; x_wconf 87' lang='lat' dir='ltr'><strong>palam</strong></span> <span class='ocrx_word' id='word_1_228' title='bbox 1522 2934 1639 2987; x_wconf 85' lang='lat' dir='ltr'><strong>iaciat“</strong></span> <span class='ocrx_word' id='word_1_229' title='bbox 1677 2937 1938 3003; x_wconf 84' lang='lat' dir='ltr'><strong>Praetextatus,</strong></span> 
     </span>
     <span class='ocr_line' id='line_1_25' title="bbox 720 3019 1939 3085; baseline -0.002 -9"><span class='ocrx_word' id='word_1_230' title='bbox 720 3030 751 3076; x_wconf 92' lang='lat' dir='ltr'><strong>ut</strong></span> <span class='ocrx_word' id='word_1_231' title='bbox 768 3024 887 3076; x_wconf 89' lang='lat' dir='ltr'><strong>omnium</strong></span> <span class='ocrx_word' id='word_1_232' title='bbox 904 3032 956 3072; x_wconf 92' lang='lat' dir='ltr'><strong>ora</strong></span> <span class='ocrx_word' id='word_1_233' title='bbox 973 3020 1001 3070; x_wconf 90' lang='lat' dir='ltr'><strong>in</strong></span> <span class='ocrx_word' id='word_1_234' title='bbox 1019 3031 1051 3070; x_wconf 82' lang='lat' dir='ltr'><strong>se</strong></span> <span class='ocrx_word' id='word_1_235' title='bbox 1070 3019 1138 3069; x_wconf 82' lang='lat' dir='ltr'><strong>vidit</strong></span> <span class='ocrx_word' id='word_1_236' title='bbox 1162 3031 1317 3085; x_wconf 86' lang='lat' dir='ltr'><strong>conversa,</strong></span> <span class='ocrx_word' id='word_1_237' title='bbox 1352 3019 1575 3085; x_wconf 87' lang='lat' dir='ltr'><strong>„philosophiam</strong></span> <span class='ocrx_word' id='word_1_238' title='bbox 1596 3021 1637 3071; x_wconf 91' lang='lat' dir='ltr'><strong>ait</strong></span> <span class='ocrx_word' id='word_1_239' title='bbox 1658 3033 1725 3072; x_wconf 86' lang='lat' dir='ltr'><strong>esse</strong></span> <span class='ocrx_word' id='word_1_240' title='bbox 1750 3024 1939 3074; x_wconf 75' lang='lat' dir='ltr'><strong>honorandam</strong></span> 
     </span>
     <span class='ocr_line' id='line_1_26' title="bbox 720 3103 1939 3173; baseline -0.002 -13"><span class='ocrx_word' id='word_1_241' title='bbox 720 3107 921 3172; x_wconf 84' lang='lat' dir='ltr'><strong>anteloquio“,</strong></span> <span class='ocrx_word' id='word_1_242' title='bbox 954 3103 1204 3167; x_wconf 82' lang='lat' dir='ltr'><strong>Eustathioque</strong></span> <span class='ocrx_word' id='word_1_243' title='bbox 1222 3116 1255 3154; x_wconf 85' lang='lat' dir='ltr'><strong>se</strong></span> <span class='ocrx_word' id='word_1_244' title='bbox 1274 3110 1373 3171; x_wconf 79' lang='lat' dir='ltr'><strong>optare</strong></span> <span class='ocrx_word' id='word_1_245' title='bbox 1390 3108 1422 3156; x_wconf 91' lang='lat' dir='ltr'><strong>ut</strong></span> <span class='ocrx_word' id='word_1_246' title='bbox 1438 3107 1574 3156; x_wconf 86' lang='lat' dir='ltr'><strong>succedat</strong></span> <span class='ocrx_word' id='word_1_247' title='bbox 1591 3107 1797 3173; x_wconf 78' lang='lat' dir='ltr'><strong>Flavianus,</strong></span> <span class='ocrx_word' id='word_1_248' title='bbox 1830 3111 1862 3159; x_wconf 91' lang='lat' dir='ltr'><strong>ut</strong></span> <span class='ocrx_word' id='word_1_249' title='bbox 1877 3108 1939 3170; x_wconf 88' lang='lat' dir='ltr'><strong>ipsc</strong></span> 
     </span>
     <span class='ocr_line' id='line_1_27' title="bbox 720 3187 1940 3261; baseline -0.002 -15"><span class='ocrx_word' id='word_1_250' title='bbox 720 3194 884 3261; x_wconf 88' lang='lat' dir='ltr'><strong>„aliquanto</strong></span> <span class='ocrx_word' id='word_1_251' title='bbox 909 3189 1023 3240; x_wconf 78' lang='lat' dir='ltr'><strong>silentio</strong></span> <span class='ocrx_word' id='word_1_252' title='bbox 1040 3189 1181 3240; x_wconf 73' lang='lat' dir='ltr'><strong>instauret</strong></span> <span class='ocrx_word' id='word_1_253' title='bbox 1200 3188 1276 3240; x_wconf 86' lang='lat' dir='ltr'><strong>vires</strong></span> <span class='ocrx_word' id='word_1_254' title='bbox 1292 3187 1461 3253; x_wconf 59' lang='lat' dir='ltr'><strong>loquentiu</strong></span> <span class='ocrx_word' id='word_1_255' title='bbox 1495 3203 1576 3254; x_wconf 86' lang='lat' dir='ltr'><strong>quum</strong></span> <span class='ocrx_word' id='word_1_256' title='bbox 1598 3195 1689 3243; x_wconf 87' lang='lat' dir='ltr'><strong>autem</strong></span> <span class='ocrx_word' id='word_1_257' title='bbox 1709 3205 1810 3244; x_wconf 82' lang='lat' dir='ltr'><strong>servos</strong></span> <span class='ocrx_word' id='word_1_258' title='bbox 1828 3193 1940 3244; x_wconf 72' lang='lat' dir='ltr'><strong>nuntiu-</strong></span> 
     </span>
    </p>
   </div>
   <div class='ocr_carea' id='block_1_3' title="bbox 719 3274 1940 3591">
    <p class='ocr_par' dir='ltr' id='par_1_3' title="bbox 719 3274 1939 3511">
     <span class='ocr_line' id='line_1_28' title="bbox 719 3274 1939 3349; baseline -0.001 -19"><span class='ocrx_word' id='word_1_259' title='bbox 719 3279 793 3330; x_wconf 90' lang='lat' dir='ltr'><strong>verit</strong></span> <span class='ocrx_word' id='word_1_260' title='bbox 810 3289 926 3328; x_wconf 86' lang='lat' dir='ltr'><strong>coenem</strong></span> <span class='ocrx_word' id='word_1_261' title='bbox 941 3287 1007 3325; x_wconf 85' lang='lat' dir='ltr'><strong>esse</strong></span> <span class='ocrx_word' id='word_1_262' title='bbox 1024 3279 1165 3338; x_wconf 87' lang='lat' dir='ltr'><strong>paratam,</strong></span> <span class='ocrx_word' id='word_1_263' title='bbox 1195 3274 1342 3349; x_wconf 77' lang='lat' dir='ltr'><strong>proponit,</strong></span> <span class='ocrx_word' id='word_1_264' title='bbox 1373 3280 1404 3324; x_wconf 91' lang='lat' dir='ltr'><strong>ut</strong></span> <span class='ocrx_word' id='word_1_265' title='bbox 1418 3275 1490 3338; x_wconf 83' lang='lat' dir='ltr'><strong>„hae</strong></span> <span class='ocrx_word' id='word_1_266' title='bbox 1508 3276 1712 3339; x_wconf 74' lang='lat' dir='ltr'><strong>disputationes</strong></span> <span class='ocrx_word' id='word_1_267' title='bbox 1729 3276 1895 3328; x_wconf 75' lang='lat' dir='ltr'><strong>differantur</strong></span> <span class='ocrx_word' id='word_1_268' title='bbox 1911 3278 1939 3329; x_wconf 87' lang='lat' dir='ltr'><strong>in</strong></span> 
     </span>
     <span class='ocr_line' id='line_1_29' title="bbox 720 3356 1939 3426; baseline -0.002 -12"><span class='ocrx_word' id='word_1_269' title='bbox 720 3363 829 3426; x_wconf 79' lang='lat' dir='ltr'><strong>posteri</strong></span> <span class='ocrx_word' id='word_1_270' title='bbox 851 3360 906 3412; x_wconf 85' lang='lat' dir='ltr'><strong>diei</strong></span> <span class='ocrx_word' id='word_1_271' title='bbox 928 3360 1068 3411; x_wconf 85' lang='lat' dir='ltr'><strong>meliorem</strong></span> <span class='ocrx_word' id='word_1_272' title='bbox 1088 3356 1223 3425; x_wconf 85' lang='lat' dir='ltr'><strong>partem“,</strong></span> <span class='ocrx_word' id='word_1_273' title='bbox 1247 3371 1302 3422; x_wconf 91' lang='lat' dir='ltr'><strong>quo</strong></span> <span class='ocrx_word' id='word_1_274' title='bbox 1324 3361 1356 3408; x_wconf 92' lang='lat' dir='ltr'><strong>ut</strong></span> <span class='ocrx_word' id='word_1_275' title='bbox 1372 3359 1514 3423; x_wconf 82' lang='lat' dir='ltr'><strong>„Penates</strong></span> <span class='ocrx_word' id='word_1_276' title='bbox 1533 3361 1578 3412; x_wconf 87' lang='lat' dir='ltr'><strong>sui</strong></span> <span class='ocrx_word' id='word_1_277' title='bbox 1602 3362 1678 3413; x_wconf 89' lang='lat' dir='ltr'><strong>beari</strong></span> <span class='ocrx_word' id='word_1_278' title='bbox 1696 3375 1729 3413; x_wconf 90' lang='lat' dir='ltr'><strong>se</strong></span> <span class='ocrx_word' id='word_1_279' title='bbox 1745 3362 1816 3412; x_wconf 90' lang='lat' dir='ltr'><strong>tanti</strong></span> <span class='ocrx_word' id='word_1_280' title='bbox 1838 3368 1939 3414; x_wconf 88' lang='lat' dir='ltr'><strong>coctus</strong></span> 
     </span>
     <span class='ocr_line' id='line_1_30' title="bbox 719 3443 1562 3511; baseline -0.004 -13"><span class='ocrx_word' id='word_1_281' title='bbox 719 3448 842 3511; x_wconf 89' lang='lat' dir='ltr'><strong>hospitio</strong></span> <span class='ocrx_word' id='word_1_282' title='bbox 864 3443 1053 3509; x_wconf 87' lang='lat' dir='ltr'><strong>glorientur“,</strong></span> <span class='ocrx_word' id='word_1_283' title='bbox 1075 3444 1110 3493; x_wconf 88' lang='lat' dir='ltr'><strong>ab</strong></span> <span class='ocrx_word' id='word_1_284' title='bbox 1131 3443 1257 3494; x_wconf 86' lang='lat' dir='ltr'><strong>omnibus</strong></span> <span class='ocrx_word' id='word_1_285' title='bbox 1276 3443 1346 3505; x_wconf 90' lang='lat' dir='ltr'><strong>petit</strong></span> <span class='ocrx_word' id='word_1_286' title='bbox 1362 3443 1562 3497; x_wconf 81' lang='lat' dir='ltr'><strong>hilarianus.</strong></span> 
     </span>
    </p>

    <p class='ocr_par' dir='ltr' id='par_1_4' title="bbox 789 3527 1940 3591">
     <span class='ocr_line' id='line_1_31' title="bbox 789 3527 1940 3591; baseline 0 -10"><span class='ocrx_word' id='word_1_287' title='bbox 789 3534 951 3581; x_wconf 72' lang='lat' dir='ltr'><strong>lermonum</strong></span> <span class='ocrx_word' id='word_1_288' title='bbox 969 3528 1042 3579; x_wconf 89' lang='lat' dir='ltr'><strong>inter</strong></span> <span class='ocrx_word' id='word_1_289' title='bbox 1056 3529 1161 3591; x_wconf 86' lang='lat' dir='ltr'><strong>poeula</strong></span> <span class='ocrx_word' id='word_1_290' title='bbox 1176 3528 1331 3578; x_wconf 83' lang='lat' dir='ltr'><strong>habitorum</strong></span> <span class='ocrx_word' id='word_1_291' title='bbox 1348 3527 1443 3590; x_wconf 90' lang='lat' dir='ltr'><strong>aliqua</strong></span> <span class='ocrx_word' id='word_1_292' title='bbox 1462 3541 1529 3591; x_wconf 89' lang='lat' dir='ltr'><strong>pars</strong></span> <span class='ocrx_word' id='word_1_293' title='bbox 1551 3529 1632 3580; x_wconf 92' lang='lat' dir='ltr'><strong>nobis</strong></span> <span class='ocrx_word' id='word_1_294' title='bbox 1651 3535 1766 3581; x_wconf 84' lang='lat' dir='ltr'><strong>servata</strong></span> <span class='ocrx_word' id='word_1_295' title='bbox 1784 3535 1830 3581; x_wconf 86' lang='lat' dir='ltr'><strong>est</strong></span> <span class='ocrx_word' id='word_1_296' title='bbox 1853 3530 1881 3581; x_wconf 91' lang='lat' dir='ltr'><strong>ln</strong></span> <span class='ocrx_word' id='word_1_297' title='bbox 1900 3529 1940 3582; x_wconf 92' lang='lat' dir='ltr'><strong>li·</strong></span> 
     </span>
    </p>
   </div>
   <div class='ocr_carea' id='block_1_4' title="bbox 715 3611 1942 5364">
    <p class='ocr_par' dir='ltr' id='par_1_5' title="bbox 715 3611 1942 5024">
     <span class='ocr_line' id='line_1_32' title="bbox 720 3611 1940 3680; baseline -0.001 -13"><span class='ocrx_word' id='word_1_298' title='bbox 720 3618 781 3667; x_wconf 94' lang='lat' dir='ltr'><strong>bro</strong></span> <span class='ocrx_word' id='word_1_299' title='bbox 802 3616 842 3664; x_wconf 92' lang='lat' dir='ltr'><strong>ll.</strong></span> <span class='ocrx_word' id='word_1_300' title='bbox 890 3612 1049 3663; x_wconf 83' lang='lat' dir='ltr'><strong>Avienus</strong></span> <span class='ocrx_word' id='word_1_301' title='bbox 1073 3616 1112 3670; x_wconf 87' lang='lat' dir='ltr'><strong>(o.</strong></span> <span class='ocrx_word' id='word_1_302' title='bbox 1131 3611 1170 3670; x_wconf 88' lang='lat' dir='ltr'><strong>l.)</strong></span> <span class='ocrx_word' id='word_1_303' title='bbox 1192 3613 1245 3662; x_wconf 94' lang='lat' dir='ltr'><strong>hoo</strong></span> <span class='ocrx_word' id='word_1_304' title='bbox 1266 3611 1424 3662; x_wconf 83' lang='lat' dir='ltr'><strong>convivium</strong></span> <span class='ocrx_word' id='word_1_305' title='bbox 1448 3615 1478 3662; x_wconf 90' lang='lat' dir='ltr'><strong>et</strong></span> <span class='ocrx_word' id='word_1_306' title='bbox 1507 3625 1567 3663; x_wconf 89' lang='lat' dir='ltr'><strong>oum</strong></span> <span class='ocrx_word' id='word_1_307' title='bbox 1591 3614 1683 3676; x_wconf 89' lang='lat' dir='ltr'><strong>epulis</strong></span> <span class='ocrx_word' id='word_1_308' title='bbox 1704 3628 1722 3665; x_wconf 91' lang='lat' dir='ltr'><strong>a</strong></span> <span class='ocrx_word' id='word_1_309' title='bbox 1746 3615 1869 3680; x_wconf 87' lang='lat' dir='ltr'><strong>Virgilio</strong></span> <span class='ocrx_word' id='word_1_310' title='bbox 1892 3618 1940 3667; x_wconf 85' lang='lat' dir='ltr'><strong>do·</strong></span> 
     </span>
     <span class='ocr_line' id='line_1_33' title="bbox 720 3694 1938 3768; baseline 0.001 -19"><span class='ocrx_word' id='word_1_311' title='bbox 720 3698 836 3761; x_wconf 87' lang='lat' dir='ltr'><strong>scriptis</strong></span> <span class='ocrx_word' id='word_1_312' title='bbox 854 3699 883 3747; x_wconf 88' lang='lat' dir='ltr'><strong>ct</strong></span> <span class='ocrx_word' id='word_1_313' title='bbox 900 3708 961 3746; x_wconf 88' lang='lat' dir='ltr'><strong>cum</strong></span> <span class='ocrx_word' id='word_1_314' title='bbox 972 3694 1114 3746; x_wconf 81' lang='lat' dir='ltr'><strong>convivio</strong></span> <span class='ocrx_word' id='word_1_315' title='bbox 1129 3695 1287 3758; x_wconf 70' lang='lat' dir='ltr'><strong>agathonis</strong></span> <span class='ocrx_word' id='word_1_316' title='bbox 1306 3699 1460 3761; x_wconf 88' lang='lat' dir='ltr'><strong>comparat,</strong></span> <span class='ocrx_word' id='word_1_317' title='bbox 1478 3709 1629 3761; x_wconf 75' lang='lat' dir='ltr'><strong>regemque</strong></span> <span class='ocrx_word' id='word_1_318' title='bbox 1646 3711 1761 3750; x_wconf 85' lang='lat' dir='ltr'><strong>mensae</strong></span> <span class='ocrx_word' id='word_1_319' title='bbox 1779 3699 1849 3750; x_wconf 89' lang='lat' dir='ltr'><strong>dicit</strong></span> <span class='ocrx_word' id='word_1_320' title='bbox 1865 3712 1938 3768; x_wconf 87' lang='lat' dir='ltr'><strong>„nec</strong></span> 
     </span>
     <span class='ocr_line' id='line_1_34' title="bbox 720 3779 1939 3846; baseline 0.001 -11"><span class='ocrx_word' id='word_1_321' title='bbox 720 3784 749 3834; x_wconf 92' lang='lat' dir='ltr'><strong>in</strong></span> <span class='ocrx_word' id='word_1_322' title='bbox 778 3781 901 3833; x_wconf 77' lang='lat' dir='ltr'><strong>moribus</strong></span> <span class='ocrx_word' id='word_1_323' title='bbox 923 3781 1042 3828; x_wconf 74' lang='lat' dir='ltr'><strong>locrate</strong></span> <span class='ocrx_word' id='word_1_324' title='bbox 1066 3779 1199 3829; x_wconf 88' lang='lat' dir='ltr'><strong>minorem</strong></span> <span class='ocrx_word' id='word_1_325' title='bbox 1224 3782 1253 3829; x_wconf 92' lang='lat' dir='ltr'><strong>et</strong></span> <span class='ocrx_word' id='word_1_326' title='bbox 1282 3779 1311 3829; x_wconf 89' lang='lat' dir='ltr'><strong>ln</strong></span> <span class='ocrx_word' id='word_1_327' title='bbox 1335 3791 1367 3829; x_wconf 90' lang='lat' dir='ltr'><strong>rc</strong></span> <span class='ocrx_word' id='word_1_328' title='bbox 1397 3779 1508 3841; x_wconf 90' lang='lat' dir='ltr'><strong>publica</strong></span> <span class='ocrx_word' id='word_1_329' title='bbox 1535 3783 1701 3846; x_wconf 83' lang='lat' dir='ltr'><strong>philosopho</strong></span> <span class='ocrx_word' id='word_1_330' title='bbox 1729 3780 1939 3837; x_wconf 84' lang='lat' dir='ltr'><strong>efficaciorem“</strong></span> 
     </span>
     <span class='ocr_line' id='line_1_35' title="bbox 721 3862 1940 3931; baseline 0.002 -13"><span class='ocrx_word' id='word_1_331' title='bbox 721 3880 803 3931; x_wconf 81' lang='lat' dir='ltr'><strong>esse,</strong></span> <span class='ocrx_word' id='word_1_332' title='bbox 828 3876 908 3927; x_wconf 88' lang='lat' dir='ltr'><strong>quam</strong></span> <span class='ocrx_word' id='word_1_333' title='bbox 927 3863 1161 3925; x_wconf 81' lang='lat' dir='ltr'><strong>comparationem</strong></span> <span class='ocrx_word' id='word_1_334' title='bbox 1179 3862 1276 3914; x_wconf 87' lang='lat' dir='ltr'><strong>abnuit</strong></span> <span class='ocrx_word' id='word_1_335' title='bbox 1292 3862 1418 3930; x_wconf 85' lang='lat' dir='ltr'><strong>Vettius,</strong></span> <span class='ocrx_word' id='word_1_336' title='bbox 1443 3865 1552 3916; x_wconf 79' lang='lat' dir='ltr'><strong>Avieno</strong></span> <span class='ocrx_word' id='word_1_337' title='bbox 1571 3871 1663 3918; x_wconf 88' lang='lat' dir='ltr'><strong>tamen</strong></span> <span class='ocrx_word' id='word_1_338' title='bbox 1680 3870 1811 3922; x_wconf 85' lang='lat' dir='ltr'><strong>concedit</strong></span> <span class='ocrx_word' id='word_1_339' title='bbox 1829 3870 1874 3921; x_wconf 85' lang='lat' dir='ltr'><strong>dei</strong></span> <span class='ocrx_word' id='word_1_340' title='bbox 1889 3872 1940 3921; x_wconf 92' lang='lat' dir='ltr'><strong>ho-</strong></span> 
     </span>
     <span class='ocr_line' id='line_1_36' title="bbox 722 3948 1939 4021; baseline 0.002 -19"><span class='ocrx_word' id='word_1_341' title='bbox 722 3964 817 4003; x_wconf 90' lang='lat' dir='ltr'><strong>norem</strong></span> <span class='ocrx_word' id='word_1_342' title='bbox 831 3949 903 4013; x_wconf 90' lang='lat' dir='ltr'><strong>apud</strong></span> <span class='ocrx_word' id='word_1_343' title='bbox 920 3960 952 3997; x_wconf 90' lang='lat' dir='ltr'><strong>se</strong></span> <span class='ocrx_word' id='word_1_344' title='bbox 967 3948 1045 3997; x_wconf 89' lang='lat' dir='ltr'><strong>nulla</strong></span> <span class='ocrx_word' id='word_1_345' title='bbox 1063 3948 1184 3998; x_wconf 85' lang='lat' dir='ltr'><strong>admixta</strong></span> <span class='ocrx_word' id='word_1_346' title='bbox 1196 3948 1342 4009; x_wconf 85' lang='lat' dir='ltr'><strong>voluptate</strong></span> <span class='ocrx_word' id='word_1_347' title='bbox 1360 3950 1507 4016; x_wconf 90' lang='lat' dir='ltr'><strong>celebrari,</strong></span> <span class='ocrx_word' id='word_1_348' title='bbox 1523 3954 1551 4000; x_wconf 90' lang='lat' dir='ltr'><strong>et</strong></span> <span class='ocrx_word' id='word_1_349' title='bbox 1562 3954 1781 4014; x_wconf 77' lang='lat' dir='ltr'><strong>Symmachus</strong></span> <span class='ocrx_word' id='word_1_350' title='bbox 1799 3954 1939 4021; x_wconf 83' lang='lat' dir='ltr'><strong>proponit,</strong></span> 
     </span>
     <span class='ocr_line' id='line_1_37' title="bbox 720 4030 1939 4103; baseline 0 -15"><span class='ocrx_word' id='word_1_351' title='bbox 720 4041 752 4089; x_wconf 92' lang='lat' dir='ltr'><strong>ut</strong></span> <span class='ocrx_word' id='word_1_352' title='bbox 767 4036 869 4103; x_wconf 88' lang='lat' dir='ltr'><strong>„iocos</strong></span> <span class='ocrx_word' id='word_1_353' title='bbox 886 4034 1011 4082; x_wconf 83' lang='lat' dir='ltr'><strong>veterum</strong></span> <span class='ocrx_word' id='word_1_354' title='bbox 1027 4043 1061 4082; x_wconf 88' lang='lat' dir='ltr'><strong>ac</strong></span> <span class='ocrx_word' id='word_1_355' title='bbox 1079 4032 1212 4082; x_wconf 90' lang='lat' dir='ltr'><strong>nobilium</strong></span> <span class='ocrx_word' id='word_1_356' title='bbox 1229 4030 1351 4082; x_wconf 80' lang='lat' dir='ltr'><strong>virorum</strong></span> <span class='ocrx_word' id='word_1_357' title='bbox 1366 4034 1547 4085; x_wconf 85' lang='lat' dir='ltr'><strong>edocumatos</strong></span> <span class='ocrx_word' id='word_1_358' title='bbox 1564 4047 1582 4085; x_wconf 87' lang='lat' dir='ltr'><strong>c</strong></span> <span class='ocrx_word' id='word_1_359' title='bbox 1599 4036 1753 4101; x_wconf 84' lang='lat' dir='ltr'><strong>multiiugis</strong></span> <span class='ocrx_word' id='word_1_360' title='bbox 1767 4036 1848 4088; x_wconf 84' lang='lat' dir='ltr'><strong>libris</strong></span> <span class='ocrx_word' id='word_1_361' title='bbox 1864 4040 1939 4088; x_wconf 88' lang='lat' dir='ltr'><strong>rela-</strong></span> 
     </span>
     <span class='ocr_line' id='line_1_38' title="bbox 720 4115 1940 4183; baseline 0 -10"><span class='ocrx_word' id='word_1_362' title='bbox 720 4121 798 4173; x_wconf 90' lang='lat' dir='ltr'><strong>tione</strong></span> <span class='ocrx_word' id='word_1_363' title='bbox 816 4123 910 4170; x_wconf 89' lang='lat' dir='ltr'><strong>mutua</strong></span> <span class='ocrx_word' id='word_1_364' title='bbox 928 4115 1104 4183; x_wconf 57' lang='lat' dir='ltr'><strong>proferena,</strong></span> <span class='ocrx_word' id='word_1_365' title='bbox 1124 4129 1240 4179; x_wconf 88' lang='lat' dir='ltr'><strong>quorum</strong></span> <span class='ocrx_word' id='word_1_366' title='bbox 1257 4118 1518 4178; x_wconf 72' lang='lat' dir='ltr'><strong>praestantissimos</strong></span> <span class='ocrx_word' id='word_1_367' title='bbox 1535 4126 1670 4170; x_wconf 88' lang='lat' dir='ltr'><strong>auctores</strong></span> <span class='ocrx_word' id='word_1_368' title='bbox 1687 4121 1756 4171; x_wconf 85' lang='lat' dir='ltr'><strong>dicit</strong></span> <span class='ocrx_word' id='word_1_369' title='bbox 1771 4133 1839 4172; x_wconf 85' lang='lat' dir='ltr'><strong>esse</strong></span> <span class='ocrx_word' id='word_1_370' title='bbox 1855 4123 1940 4174; x_wconf 85' lang='lat' dir='ltr'><strong>Plau·</strong></span> 
     </span>
     <span class='ocr_line' id='line_1_39' title="bbox 721 4200 1940 4269; baseline -0.001 -11"><span class='ocrx_word' id='word_1_371' title='bbox 721 4211 778 4259; x_wconf 88' lang='lat' dir='ltr'><strong>tum</strong></span> <span class='ocrx_word' id='word_1_372' title='bbox 796 4212 881 4269; x_wconf 88' lang='lat' dir='ltr'><strong>atque</strong></span> <span class='ocrx_word' id='word_1_373' title='bbox 897 4203 1062 4254; x_wconf 80' lang='lat' dir='ltr'><strong>Ciceronem</strong></span> <span class='ocrx_word' id='word_1_374' title='bbox 1079 4206 1108 4253; x_wconf 88' lang='lat' dir='ltr'><strong>et</strong></span> <span class='ocrx_word' id='word_1_375' title='bbox 1124 4201 1259 4253; x_wconf 79' lang='lat' dir='ltr'><strong>Catonem</strong></span> <span class='ocrx_word' id='word_1_376' title='bbox 1279 4200 1455 4254; x_wconf 74' lang='lat' dir='ltr'><strong>Censorium.</strong></span> <span class='ocrx_word' id='word_1_377' title='bbox 1490 4202 1599 4267; x_wconf 80' lang='lat' dir='ltr'><strong>Singuli</strong></span> <span class='ocrx_word' id='word_1_378' title='bbox 1621 4204 1720 4255; x_wconf 89' lang='lat' dir='ltr'><strong>deinde</strong></span> <span class='ocrx_word' id='word_1_379' title='bbox 1739 4209 1779 4265; x_wconf 87' lang='grc' dir='ltr'><strong>(ο.</strong></span> <span class='ocrx_word' id='word_1_380' title='bbox 1797 4207 1837 4266; x_wconf 71' lang='lat' dir='ltr'><strong>t.)</strong></span> <span class='ocrx_word' id='word_1_381' title='bbox 1855 4219 1940 4258; x_wconf 73' lang='lat' dir='ltr'><strong>unum</strong></span> 
     </span>
     <span class='ocr_line' id='line_1_40' title="bbox 721 4286 1940 4355; baseline -0.001 -13"><span class='ocrx_word' id='word_1_382' title='bbox 721 4292 869 4355; x_wconf 82' lang='lat' dir='ltr'><strong>proferunt</strong></span> <span class='ocrx_word' id='word_1_383' title='bbox 886 4287 987 4352; x_wconf 89' lang='lat' dir='ltr'><strong>iocum,</strong></span> <span class='ocrx_word' id='word_1_384' title='bbox 1004 4291 1034 4337; x_wconf 91' lang='lat' dir='ltr'><strong>et</strong></span> <span class='ocrx_word' id='word_1_385' title='bbox 1051 4287 1275 4348; x_wconf 85' lang='lat' dir='ltr'><strong>Symmachus</strong></span> <span class='ocrx_word' id='word_1_386' title='bbox 1293 4286 1454 4337; x_wconf 85' lang='lat' dir='ltr'><strong>versiculos</strong></span> <span class='ocrx_word' id='word_1_387' title='bbox 1471 4287 1609 4351; x_wconf 85' lang='lat' dir='ltr'><strong>Platonis,</strong></span> <span class='ocrx_word' id='word_1_388' title='bbox 1629 4302 1700 4351; x_wconf 88' lang='lat' dir='ltr'><strong>quos</strong></span> <span class='ocrx_word' id='word_1_389' title='bbox 1720 4294 1750 4349; x_wconf 82' lang='lat' dir='ltr'><strong>[e</strong></span> <span class='ocrx_word' id='word_1_390' title='bbox 1769 4290 1877 4350; x_wconf 80' lang='lat' dir='ltr'><strong>Gellio)</strong></span> <span class='ocrx_word' id='word_1_391' title='bbox 1896 4295 1940 4341; x_wconf 89' lang='lat' dir='ltr'><strong>at-</strong></span> 
     </span>
     <span class='ocr_line' id='line_1_41' title="bbox 721 4370 1940 4437; baseline 0.001 -13"><span class='ocrx_word' id='word_1_392' title='bbox 721 4375 786 4425; x_wconf 87' lang='lat' dir='ltr'><strong>tulit</strong></span> <span class='ocrx_word' id='word_1_393' title='bbox 803 4374 932 4435; x_wconf 87' lang='lat' dir='ltr'><strong>ilorus,</strong></span> <span class='ocrx_word' id='word_1_394' title='bbox 947 4370 1015 4421; x_wconf 84' lang='lat' dir='ltr'><strong>dicit</strong></span> <span class='ocrx_word' id='word_1_395' title='bbox 1032 4372 1189 4433; x_wconf 87' lang='lat' dir='ltr'><strong>selegisse</strong></span> <span class='ocrx_word' id='word_1_396' title='bbox 1206 4370 1350 4432; x_wconf 88' lang='lat' dir='ltr'><strong>aliquanto</strong></span> <span class='ocrx_word' id='word_1_397' title='bbox 1365 4370 1451 4422; x_wconf 88' lang='lat' dir='ltr'><strong>latius</strong></span> <span class='ocrx_word' id='word_1_398' title='bbox 1469 4371 1497 4422; x_wconf 92' lang='lat' dir='ltr'><strong>lu</strong></span> <span class='ocrx_word' id='word_1_399' title='bbox 1514 4372 1644 4423; x_wconf 75' lang='lat' dir='ltr'><strong>Latinum</strong></span> <span class='ocrx_word' id='word_1_400' title='bbox 1661 4385 1778 4437; x_wconf 84' lang='lat' dir='ltr'><strong>versos,</strong></span> <span class='ocrx_word' id='word_1_401' title='bbox 1801 4387 1874 4437; x_wconf 85' lang='lat' dir='ltr'><strong>quos</strong></span> <span class='ocrx_word' id='word_1_402' title='bbox 1893 4386 1940 4425; x_wconf 90' lang='lat' dir='ltr'><strong>re·</strong></span> 
     </span>
     <span class='ocr_line' id='line_1_42' title="bbox 721 4452 1940 4525; baseline -0.001 -17"><span class='ocrx_word' id='word_1_403' title='bbox 721 4458 800 4508; x_wconf 85' lang='lat' dir='ltr'><strong>ellat.</strong></span> <span class='ocrx_word' id='word_1_404' title='bbox 835 4453 941 4504; x_wconf 84' lang='lat' dir='ltr'><strong>Deinde</strong></span> <span class='ocrx_word' id='word_1_405' title='bbox 960 4457 1000 4513; x_wconf 90' lang='grc' dir='ltr'><strong>(ο.</strong></span> <span class='ocrx_word' id='word_1_406' title='bbox 1015 4454 1055 4513; x_wconf 76' lang='grc' dir='ltr'><strong>ι.)</strong></span> <span class='ocrx_word' id='word_1_407' title='bbox 1073 4456 1162 4505; x_wconf 88' lang='lat' dir='ltr'><strong>reiert</strong></span> <span class='ocrx_word' id='word_1_408' title='bbox 1178 4455 1254 4505; x_wconf 88' lang='lat' dir='ltr'><strong>dicta</strong></span> <span class='ocrx_word' id='word_1_409' title='bbox 1272 4452 1430 4519; x_wconf 79' lang='lat' dir='ltr'><strong>ciceronis,</strong></span> <span class='ocrx_word' id='word_1_410' title='bbox 1449 4458 1505 4505; x_wconf 92' lang='lat' dir='ltr'><strong>tum</strong></span> <span class='ocrx_word' id='word_1_411' title='bbox 1523 4456 1676 4508; x_wconf 79' lang='lat' dir='ltr'><strong>Avienus</strong></span> <span class='ocrx_word' id='word_1_412' title='bbox 1693 4462 1733 4517; x_wconf 84' lang='lat' dir='ltr'><strong>(o.</strong></span> <span class='ocrx_word' id='word_1_413' title='bbox 1751 4457 1790 4517; x_wconf 85' lang='lat' dir='ltr'><strong>t.)</strong></span> <span class='ocrx_word' id='word_1_414' title='bbox 1808 4457 1940 4525; x_wconf 80' lang='lat' dir='ltr'><strong>Augusti,</strong></span> 
     </span>
     <span class='ocr_line' id='line_1_43' title="bbox 723 4535 1940 4608; baseline 0 -17"><span class='ocrx_word' id='word_1_415' title='bbox 723 4546 763 4601; x_wconf 82' lang='lat' dir='ltr'><strong>(e.</strong></span> <span class='ocrx_word' id='word_1_416' title='bbox 781 4542 821 4599; x_wconf 77' lang='lat' dir='ltr'><strong>h.)</strong></span> <span class='ocrx_word' id='word_1_417' title='bbox 841 4536 929 4587; x_wconf 87' lang='lat' dir='ltr'><strong>iuliae</strong></span> <span class='ocrx_word' id='word_1_418' title='bbox 946 4538 1007 4589; x_wconf 91' lang='lat' dir='ltr'><strong>elus</strong></span> <span class='ocrx_word' id='word_1_419' title='bbox 1026 4535 1118 4605; x_wconf 88' lang='lat' dir='ltr'><strong>filiae,</strong></span> <span class='ocrx_word' id='word_1_420' title='bbox 1137 4543 1177 4599; x_wconf 81' lang='lat' dir='ltr'><strong>(c.</strong></span> <span class='ocrx_word' id='word_1_421' title='bbox 1196 4540 1236 4597; x_wconf 81' lang='lat' dir='ltr'><strong>d.)</strong></span> <span class='ocrx_word' id='word_1_422' title='bbox 1254 4536 1388 4604; x_wconf 90' lang='lat' dir='ltr'><strong>aliorum,</strong></span> <span class='ocrx_word' id='word_1_423' title='bbox 1408 4543 1449 4599; x_wconf 88' lang='lat' dir='ltr'><strong>(o.</strong></span> <span class='ocrx_word' id='word_1_424' title='bbox 1469 4539 1508 4599; x_wconf 77' lang='grc'><strong>7.)</strong></span> <span class='ocrx_word' id='word_1_425' title='bbox 1527 4541 1654 4604; x_wconf 75' lang='lat' dir='ltr'><strong>Laberii,</strong></span> <span class='ocrx_word' id='word_1_426' title='bbox 1674 4541 1765 4592; x_wconf 80' lang='lat' dir='ltr'><strong>Publii</strong></span> <span class='ocrx_word' id='word_1_427' title='bbox 1782 4539 1864 4608; x_wconf 81' lang='lat' dir='ltr'><strong>Syri,</strong></span> <span class='ocrx_word' id='word_1_428' title='bbox 1882 4543 1940 4606; x_wconf 77' lang='lat' dir='ltr'><strong>Py-</strong></span> 
     </span>
     <span class='ocr_line' id='line_1_44' title="bbox 720 4613 1940 4685; baseline 0.002 -9"><span class='ocrx_word' id='word_1_429' title='bbox 720 4625 794 4676; x_wconf 86' lang='lat' dir='ltr'><strong>ladis</strong></span> <span class='ocrx_word' id='word_1_430' title='bbox 820 4621 975 4673; x_wconf 79' lang='lat' dir='ltr'><strong>histrionia.</strong></span> <span class='ocrx_word' id='word_1_431' title='bbox 1021 4624 1130 4674; x_wconf 83' lang='lat' dir='ltr'><strong>hiensis</strong></span> <span class='ocrx_word' id='word_1_432' title='bbox 1155 4613 1289 4673; x_wconf 77' lang='lat' dir='ltr'><strong>secundis</strong></span> <span class='ocrx_word' id='word_1_433' title='bbox 1315 4623 1435 4673; x_wconf 88' lang='lat' dir='ltr'><strong>admotis</strong></span> <span class='ocrx_word' id='word_1_434' title='bbox 1460 4628 1501 4685; x_wconf 86' lang='grc' dir='ltr'><strong>(ο.</strong></span> <span class='ocrx_word' id='word_1_435' title='bbox 1523 4625 1562 4684; x_wconf 84' lang='grc'><strong>8.)</strong></span> <span class='ocrx_word' id='word_1_436' title='bbox 1590 4638 1607 4675; x_wconf 90' lang='lat' dir='ltr'><strong>a</strong></span> <span class='ocrx_word' id='word_1_437' title='bbox 1633 4625 1771 4677; x_wconf 79' lang='lat' dir='ltr'><strong>Flaviano</strong></span> <span class='ocrx_word' id='word_1_438' title='bbox 1797 4629 1940 4679; x_wconf 82' lang='lat' dir='ltr'><strong>excitatns</strong></span> 
     </span>
     <span class='ocr_line' id='line_1_45' title="bbox 722 4706 1939 4771; baseline 0.002 -11"><span class='ocrx_word' id='word_1_439' title='bbox 722 4706 877 4761; x_wconf 75' lang='lat' dir='ltr'><strong>Caecina</strong></span> <span class='ocrx_word' id='word_1_440' title='bbox 893 4706 1042 4757; x_wconf 80' lang='lat' dir='ltr'><strong>Albinus</strong></span> <span class='ocrx_word' id='word_1_441' title='bbox 1064 4709 1153 4759; x_wconf 78' lang='lat' dir='ltr'><strong>refert</strong></span> <span class='ocrx_word' id='word_1_442' title='bbox 1168 4709 1260 4759; x_wconf 88' lang='lat' dir='ltr'><strong>locum</strong></span> <span class='ocrx_word' id='word_1_443' title='bbox 1279 4707 1418 4759; x_wconf 86' lang='lat' dir='ltr'><strong>Varronis</strong></span> <span class='ocrx_word' id='word_1_444' title='bbox 1440 4708 1487 4771; x_wconf 90' lang='lat' dir='ltr'><strong>qui</strong></span> <span class='ocrx_word' id='word_1_445' title='bbox 1509 4712 1555 4759; x_wconf 85' lang='lat' dir='ltr'><strong>est</strong></span> <span class='ocrx_word' id='word_1_446' title='bbox 1573 4709 1607 4759; x_wconf 89' lang='lat' dir='ltr'><strong>de</strong></span> <span class='ocrx_word' id='word_1_447' title='bbox 1625 4709 1752 4761; x_wconf 88' lang='lat' dir='ltr'><strong>bellariis</strong></span> <span class='ocrx_word' id='word_1_448' title='bbox 1774 4712 1939 4771; x_wconf 70' lang='lat' dir='ltr'><strong>(cecilio).</strong></span> 
     </span>
     <span class='ocr_line' id='line_1_46' title="bbox 715 4790 1941 4860; baseline 0.002 -16"><span class='ocrx_word' id='word_1_449' title='bbox 715 4791 925 4855; x_wconf 71' lang='lat' dir='ltr'><strong>Euangelus</strong></span> <span class='ocrx_word' id='word_1_450' title='bbox 944 4790 1043 4840; x_wconf 88' lang='lat' dir='ltr'><strong>deinde</strong></span> <span class='ocrx_word' id='word_1_451' title='bbox 1064 4791 1175 4856; x_wconf 85' lang='lat' dir='ltr'><strong>suadet,</strong></span> <span class='ocrx_word' id='word_1_452' title='bbox 1193 4795 1224 4842; x_wconf 91' lang='lat' dir='ltr'><strong>nt</strong></span> <span class='ocrx_word' id='word_1_453' title='bbox 1241 4792 1361 4842; x_wconf 82' lang='lat' dir='ltr'><strong>Platone</strong></span> <span class='ocrx_word' id='word_1_454' title='bbox 1379 4796 1497 4844; x_wconf 87' lang='lat' dir='ltr'><strong>auctore</strong></span> <span class='ocrx_word' id='word_1_455' title='bbox 1514 4792 1677 4855; x_wconf 87' lang='lat' dir='ltr'><strong>indulgeant</strong></span> <span class='ocrx_word' id='word_1_456' title='bbox 1694 4794 1770 4846; x_wconf 87' lang='lat' dir='ltr'><strong>vino.</strong></span> <span class='ocrx_word' id='word_1_457' title='bbox 1805 4795 1941 4860; x_wconf 82' lang='lat' dir='ltr'><strong>obloqui·</strong></span> 
     </span>
     <span class='ocr_line' id='line_1_47' title="bbox 721 4874 1942 4941; baseline 0.002 -14"><span class='ocrx_word' id='word_1_458' title='bbox 721 4881 768 4928; x_wconf 89' lang='lat' dir='ltr'><strong>tur</strong></span> <span class='ocrx_word' id='word_1_459' title='bbox 785 4875 1008 4939; x_wconf 59' lang='lat' dir='ltr'><strong>Eustathiurm</strong></span> <span class='ocrx_word' id='word_1_460' title='bbox 1031 4876 1111 4926; x_wconf 84' lang='lat' dir='ltr'><strong>etde</strong></span> <span class='ocrx_word' id='word_1_461' title='bbox 1134 4874 1198 4924; x_wconf 82' lang='lat' dir='ltr'><strong>uiuo</strong></span> <span class='ocrx_word' id='word_1_462' title='bbox 1215 4874 1432 4939; x_wconf 81' lang='lat' dir='ltr'><strong>libidinibusque</strong></span> <span class='ocrx_word' id='word_1_463' title='bbox 1452 4877 1562 4937; x_wconf 84' lang='lat' dir='ltr'><strong>(verbis</strong></span> <span class='ocrx_word' id='word_1_464' title='bbox 1582 4877 1680 4937; x_wconf 78' lang='lat' dir='ltr'><strong>Gellii)</strong></span> <span class='ocrx_word' id='word_1_465' title='bbox 1700 4882 1810 4941; x_wconf 78' lang='lat' dir='ltr'><strong>protere</strong></span> <span class='ocrx_word' id='word_1_466' title='bbox 1825 4885 1942 4932; x_wconf 85' lang='lat' dir='ltr'><strong>senten-</strong></span> 
     </span>
     <span class='ocr_line' id='line_1_48' title="bbox 721 4958 1589 5024; baseline 0.001 -13"><span class='ocrx_word' id='word_1_467' title='bbox 721 4961 778 5011; x_wconf 85' lang='lat' dir='ltr'><strong>tias</strong></span> <span class='ocrx_word' id='word_1_468' title='bbox 793 4958 921 5010; x_wconf 80' lang='lat' dir='ltr'><strong>Platonis</strong></span> <span class='ocrx_word' id='word_1_469' title='bbox 938 4960 1103 5017; x_wconf 78' lang='lat' dir='ltr'><strong>Aristotelis</strong></span> <span class='ocrx_word' id='word_1_470' title='bbox 1120 4958 1308 5021; x_wconf 78' lang='lat' dir='ltr'><strong>Hippocratis.</strong></span> <span class='ocrx_word' id='word_1_471' title='bbox 1342 4961 1461 5024; x_wconf 80' lang='lat' dir='ltr'><strong>Reliqua</strong></span> <span class='ocrx_word' id='word_1_472' title='bbox 1479 4961 1589 5012; x_wconf 81' lang='lat' dir='ltr'><strong>desunt.</strong></span> 
     </span>
    </p>

    <p class='ocr_par' dir='ltr' id='par_1_6' title="bbox 718 5042 1942 5364">
     <span class='ocr_line' id='line_1_49' title="bbox 774 5042 1942 5107; baseline 0.003 -13"><span class='ocrx_word' id='word_1_473' title='bbox 774 5043 944 5096; x_wconf 58' lang='lat' dir='ltr'><strong>secundo</strong></span> <span class='ocrx_word' id='word_1_474' title='bbox 969 5045 1020 5095; x_wconf 84' lang='lat' dir='ltr'><strong>die</strong></span> <span class='ocrx_word' id='word_1_475' title='bbox 1044 5044 1158 5095; x_wconf 87' lang='lat' dir='ltr'><strong>eosdem</strong></span> <span class='ocrx_word' id='word_1_476' title='bbox 1177 5054 1211 5093; x_wconf 90' lang='lat' dir='ltr'><strong>ac</strong></span> <span class='ocrx_word' id='word_1_477' title='bbox 1233 5042 1322 5105; x_wconf 89' lang='lat' dir='ltr'><strong>primo</strong></span> <span class='ocrx_word' id='word_1_478' title='bbox 1344 5044 1388 5096; x_wconf 85' lang='lat' dir='ltr'><strong>die</strong></span> <span class='ocrx_word' id='word_1_479' title='bbox 1408 5045 1481 5107; x_wconf 88' lang='lat' dir='ltr'><strong>apud</strong></span> <span class='ocrx_word' id='word_1_480' title='bbox 1500 5046 1623 5096; x_wconf 86' lang='lat' dir='ltr'><strong>Vettium</strong></span> <span class='ocrx_word' id='word_1_481' title='bbox 1641 5046 1851 5098; x_wconf 83' lang='lat' dir='ltr'><strong>Praetextatum</strong></span> <span class='ocrx_word' id='word_1_482' title='bbox 1870 5060 1942 5098; x_wconf 87' lang='lat' dir='ltr'><strong>eon·</strong></span> 
     </span>
     <span class='ocr_line' id='line_1_50' title="bbox 722 5126 1941 5195; baseline 0.002 -17"><span class='ocrx_word' id='word_1_483' title='bbox 722 5129 836 5182; x_wconf 84' lang='lat' dir='ltr'><strong>venisse</strong></span> <span class='ocrx_word' id='word_1_484' title='bbox 858 5130 1055 5185; x_wconf 84' lang='lat' dir='ltr'><strong>Nicomachi</strong></span> <span class='ocrx_word' id='word_1_485' title='bbox 1076 5126 1245 5178; x_wconf 79' lang='lat' dir='ltr'><strong>rlavlanl</strong></span> <span class='ocrx_word' id='word_1_486' title='bbox 1264 5129 1388 5193; x_wconf 90' lang='lat' dir='ltr'><strong>domum,</strong></span> <span class='ocrx_word' id='word_1_487' title='bbox 1421 5128 1590 5194; x_wconf 90' lang='lat' dir='ltr'><strong>primumque</strong></span> <span class='ocrx_word' id='word_1_488' title='bbox 1611 5132 1646 5181; x_wconf 87' lang='lat' dir='ltr'><strong>de</strong></span> <span class='ocrx_word' id='word_1_489' title='bbox 1672 5131 1832 5194; x_wconf 85' lang='lat' dir='ltr'><strong>astrologia</strong></span> <span class='ocrx_word' id='word_1_490' title='bbox 1854 5135 1941 5195; x_wconf 89' lang='lat' dir='ltr'><strong>atque</strong></span> 
     </span>
     <span class='ocr_line' id='line_1_51' title="bbox 718 5210 1940 5279; baseline 0 -15"><span class='ocrx_word' id='word_1_491' title='bbox 718 5214 894 5279; x_wconf 90' lang='lat' dir='ltr'><strong>philosophia</strong></span> <span class='ocrx_word' id='word_1_492' title='bbox 908 5214 1021 5279; x_wconf 83' lang='lat' dir='ltr'><strong>Virgilii</strong></span> <span class='ocrx_word' id='word_1_493' title='bbox 1037 5210 1228 5273; x_wconf 82' lang='lat' dir='ltr'><strong>disputavisse</strong></span> <span class='ocrx_word' id='word_1_494' title='bbox 1238 5211 1472 5276; x_wconf 88' lang='lat' dir='ltr'><strong>liustathlum,</strong></span> <span class='ocrx_word' id='word_1_495' title='bbox 1491 5216 1520 5264; x_wconf 92' lang='lat' dir='ltr'><strong>et</strong></span> <span class='ocrx_word' id='word_1_496' title='bbox 1536 5219 1602 5277; x_wconf 86' lang='lat' dir='ltr'><strong>post</strong></span> <span class='ocrx_word' id='word_1_497' title='bbox 1613 5227 1675 5266; x_wconf 90' lang='lat' dir='ltr'><strong>eum</strong></span> <span class='ocrx_word' id='word_1_498' title='bbox 1685 5216 1719 5264; x_wconf 91' lang='lat' dir='ltr'><strong>de</strong></span> <span class='ocrx_word' id='word_1_499' title='bbox 1731 5215 1856 5265; x_wconf 86' lang='lat' dir='ltr'><strong>eiusdem</strong></span> <span class='ocrx_word' id='word_1_500' title='bbox 1868 5214 1940 5266; x_wconf 87' lang='lat' dir='ltr'><strong>iuris</strong></span> 
     </span>
     <span class='ocr_line' id='line_1_52' title="bbox 719 5294 1941 5364; baseline -0.003 -13"><span class='ocrx_word' id='word_1_501' title='bbox 719 5301 866 5364; x_wconf 83' lang='lat' dir='ltr'><strong>auguralis</strong></span> <span class='ocrx_word' id='word_1_502' title='bbox 887 5300 1008 5353; x_wconf 84' lang='lat' dir='ltr'><strong>scientia</strong></span> <span class='ocrx_word' id='word_1_503' title='bbox 1028 5294 1240 5363; x_wconf 81' lang='lat' dir='ltr'><strong>rlavlannn,</strong></span> <span class='ocrx_word' id='word_1_504' title='bbox 1266 5295 1371 5348; x_wconf 85' lang='lat' dir='ltr'><strong>seimus</strong></span> <span class='ocrx_word' id='word_1_505' title='bbox 1389 5308 1406 5346; x_wconf 91' lang='lat' dir='ltr'><strong>e</strong></span> <span class='ocrx_word' id='word_1_506' title='bbox 1421 5296 1486 5347; x_wconf 92' lang='lat' dir='ltr'><strong>libri</strong></span> <span class='ocrx_word' id='word_1_507' title='bbox 1503 5297 1526 5349; x_wconf 88' lang='lat' dir='ltr'><strong>l.</strong></span> <span class='ocrx_word' id='word_1_508' title='bbox 1546 5295 1611 5350; x_wconf 86' lang='lat' dir='ltr'><strong>fine.</strong></span> <span class='ocrx_word' id='word_1_509' title='bbox 1657 5300 1713 5350; x_wconf 72' lang='lat' dir='ltr'><strong>ded</strong></span> <span class='ocrx_word' id='word_1_510' title='bbox 1734 5298 1941 5350; x_wconf 83' lang='lat' dir='ltr'><strong>interciderunt</strong></span> 
     </span>
    </p>
   </div>
   <div class='ocr_carea' id='block_1_5' title="bbox 0 0 2556 6420">
    <p class='ocr_par' dir='ltr' id='par_1_7' title="bbox 0 0 2556 6420">
     <span class='ocr_line' id='line_1_53' title="bbox 0 0 2556 6420; baseline 0 0"><span class='ocrx_word' id='word_1_511' title='bbox 0 0 2556 6420; x_wconf 95' lang='lat' dir='ltr'><strong> </strong></span> 
     </span>
    </p>
   </div>
  </div>
 </body>
</html>
