5092 6425
775 907 913 977 comi.
933 908 978 976 m
1000 874 1126 975 somn.
1148 906 1246 975 sur.
1290 908 1365 973 nra.
1386 909 1425 974 ιι.
1469 908 1559 980 cae.
1581 911 1648 977 vu.
1736 911 1797 976 ιιι

626 1103 693 1149 sum
716 1081 849 1147 antelata
870 1078 1049 1163 descriptio:
1082 1097 1258 1162 ,numquam
1287 1097 1361 1142 vero
1387 1077 1485 1143 solem
1516 1079 1649 1144 fenestra
1673 1087 1795 1166 septen·

625 1168 735 1234 trionis
754 1165 896 1242 admittit,
919 1163 991 1250 quia
1014 1182 1183 1249 numquam
1205 1163 1271 1228 aP
1289 1163 1376 1249 signo
1398 1162 1435 1229 ad
1458 1164 1487 1229 0
1506 1165 1551 1229 sol
1573 1165 1698 1241 accedit,
1719 1165 1845 1253 sedule]

626 1277 642 1318 a
664 1253 694 1317 P
712 1273 833 1338 semper
853 1247 1074 1315 retrocedendo
1097 1269 1171 1314 num
1217 1268 1267 1313 am
1290 1246 1367 1314 fines
1387 1250 1449 1335 poli
1479 1250 1728 1336 septentrionalis
1750 1259 1795 1316 at·

625 1339 731 1425 tingit:
768 1346 800 1403 et
821 1337 890 1401 ideo
913 1355 1082 1420 numquam
1108 1355 1164 1419 per
1207 1356 1268 1399 unc
1295 1334 1452 1402 cardinem
1472 1336 1577 1403 radius
1599 1337 1672 1403 solis
1694 1336 1795 1402 inlun-

625 1425 717 1490 ditur.
764 1420 912 1488 Eiusdem
940 1420 985 1486 rei
1013 1419 1226 1506 probationem
1252 1419 1362 1485 umbra
1390 1442 1515 1508 quoque
1540 1423 1704 1489 cuiuslibet
1728 1422 1845 1489 eor-m

625 1510 709 1597 poris
734 1507 867 1573 sulliciet
890 1515 1038 1572 astruere.
1081 1506 1159 1572 Nam
1187 1513 1219 1571 et
1244 1505 1277 1570 in
1302 1527 1443 1572 occasum
1469 1508 1550 1574 cadit
1573 1511 1693 1575 oriente
1719 1508 1801 1586 sola,-

625 1597 706 1660 etin
727 1602 846 1668 ortum,
868 1613 938 1658 cum
960 1592 1001 1656 sit
1020 1590 1181 1658 occiduus:
1210 1591 1313 1657 medio
1335 1600 1439 1657 autam
1459 1593 1523 1671 die,
1544 1595 1616 1681 quia
1638 1595 1683 1660 sol
1704 1593 1796 1677 meri·

625 1682 706 1745 diem
726 1687 824 1755 tenet,
855 1677 886 1742 in
905 1678 1148 1761 septentrionem
1169 1678 1280 1743 umbra
1300 1677 1476 1763 depellitur:
1512 1680 1702 1763 inlaustrum
1721 1699 1795 1745 vero

624 1767 704 1832 circa
739 1773 875 1830 nostram
912 1762 1133 1828 habitationem
1166 1762 1346 1863 inpossibile
1376 1773 1424 1829 est
1453 1764 1597 1831 umbram
1630 1765 1797 1832 cuiuslibet

625 1850 763 1937 corporis
788 1848 914 1923 cadere,
954 1847 1025 1933 quia
1053 1869 1174 1933 semper
1200 1871 1231 1914 m
1264 1849 1423 1915 adversam
1449 1850 1507 1916 soli
1539 1859 1658 1937 partem
1685 1851 1795 1916 umbra

626 1939 771 2013 iactatur,
809 1934 954 2000 adversus
981 1941 1084 1998 autem
1112 1942 1217 1999 austro
1243 1935 1324 2020 apud
1348 1936 1471 2001 nossol
1494 1958 1646 2002 essenon
1672 1936 1795 2023 poterit,

626 2043 695 2089 cum
723 2040 893 2107 numquam
914 2018 998 2084 ‘fines
1030 2020 1285 2103 septentrionales
1314 2021 1453 2106 attingat
1513 2022 1609 2099 Sane,
1646 2022 1845 2107 quoniamld

626 2129 697 2194 pars
719 2107 769 2172 illa
791 2113 933 2191 perustae
954 2125 1034 2190 quae
1056 2113 1244 2190 temperatae
1270 2106 1368 2171 vicina
1390 2115 1437 2172 est
1457 2107 1592 2173 admittit
1612 2106 1796 2183 habitantes,
1831 2156 1834 2160 ,

627 2194 705 2273 illic,
739 2192 769 2257 id
791 2202 838 2256 est
862 2199 948 2256 trans
970 2190 1139 2276 tropicum,
1177 2202 1391 2278 quaecumque
1411 2191 1590 2258 habitantur
1611 2193 1708 2277 spatia
1726 2212 1795 2257 nm·

627 2280 713 2345 brem
743 2277 871 2343 mittunt
898 2276 931 2341 in
958 2284 1097 2342 austmm
1125 2297 1163 2341 co
1189 2285 1329 2363 tempore
1357 2299 1419 2363 quo
1448 2278 1493 2343 sol
1520 2278 1672 2344 Cancrum
1701 2284 1796 2342 tenet.

627 2367 716 2431 Tunc
737 2365 819 2430 enim
842 2362 880 2427 iit
902 2361 947 2427 eis
968 2362 1013 2427 sol
1037 2361 1299 2447 septentrionalis,
1325 2383 1394 2428 cum
1414 2364 1567 2451 tropicum
1586 2372 1685 2442 tenet,
1712 2362 1796 2450 quod

627 2453 665 2517 ab
690 2450 757 2515 illis
778 2449 817 2515 ad
849 2447 1089 2534 septentrionem
1113 2448 1237 2513 recedit.
1297 2448 1412 2514 Civitas
1436 2458 1539 2515 autem
1567 2450 1682 2536 Syene,
1716 2448 1844 2534 quaelb

628 2536 803 2623 provinciae
832 2532 1006 2599 Thebaidos
1032 2542 1103 2619 post
1129 2535 1323 2620 superiorum
1351 2535 1503 2600 montium
1534 2536 1655 2601 deserta
1684 2534 1796 2621 princi-

627 2623 713 2709 pium
734 2631 796 2698 est,
818 2620 876 2685 sub
894 2619 962 2705 ipso
981 2620 1098 2684 aestivo
1119 2627 1168 2685 tro
1192 2620 1238 2686 ico
1260 2621 1425 2686 constitute
1445 2629 1507 2687 ast:
1540 2629 1572 2686 et
1591 2642 1629 2686 co
1647 2622 1712 2698 die,
1732 2641 1794 2706 quo
1830 2666 1838 2680 ,

627 2708 673 2775 sol
696 2715 809 2773 certam
831 2713 950 2791 partem
972 2705 1144 2790 ingreditur
1165 2642 1291 2780 danari.
1329 2705 1405 2772 horn
1426 2706 1487 2773 diei
1509 2716 1610 2783 sexta,
1669 2705 1794 2773 uoniam

628 2793 673 2860 sol
693 2801 768 2858 tunc
789 2813 883 2877 super
905 2791 1005 2877 ipsum
1028 2791 1185 2858 invenitur
1204 2793 1349 2858 verticem
1371 2792 1517 2871 civitatis,
1542 2793 1625 2859 nulla
1645 2729 1707 2859 illic
1727 2800 1794 2878 pot-

628 2886 675 2945 est
695 2883 727 2944 in
747 2887 862 2944 terram
884 2877 923 2942 dc
942 2877 1083 2964 quolibet
1104 2899 1233 2965 corpore
1256 2878 1366 2944 umbra
1393 2879 1512 2957 iactari,
1552 2879 1604 2945 sed
1628 2901 1685 2944 ncc
1706 2877 1795 2945 stilus

628 2963 845 3051 hemisphaerii
869 2964 1068 3030 monstrantis
1089 2962 1194 3042 horas,
1217 2985 1310 3050 quem
1330 2959 1494 3048 γνώμωνα
1514 2973 1639 3042 vocant,
1658 2973 1734 3030 tunc
1756 2962 1795 3028 do

1421 3117 1506 3176 [lidd.
1526 3116 1731 3186 vicahgrpdeb.

630 3202 771 3252 iterumne
793 3197 843 3250 RQ.
867 3226 901 3235 -
924 3197 1045 3250 antelata
1064 3202 1140 3265 (cup.
1156 3199 1354 3265 manifesta)
1379 3198 1429 3250 m.
1453 3228 1486 3237 —
1507 3203 1626 3266 fencrtra
1644 3198 1799 3268 reptentrio-

629 3266 816 3319 natitantem
839 3265 1011 3318 RlBan.Tn.
1064 3268 1144 3318 colem
1158 3270 1319 3332 senertrarn
1337 3268 1520 3337 septentrionis
1546 3268 1579 3321 Β.
1604 3296 1636 3305 -
1664 3284 1713 3336 per
1729 3267 1799 3318 barne

630 3336 764 3387 cardinem
781 3350 926 3402 numquam
949 3334 1001 3384 Ra.
1050 3352 1130 3403 nano.
1148 3352 1197 3403 per
1219 3335 1299 3386 hanc
1317 3335 1390 3386 card.
1414 3335 1460 3386 ch.
1613 3338 1653 3387 ra.
1690 3335 1809 3401 efficiet

630 3421 657 3454 ''
678 3406 948 3521 ‘mileti
956 3402 1432 3524 hirs.⁰”t„ill1.ti,ilil“
1455 3432 1482 3442 ”
1500 3404 1640 3522 “iiim
1655 3403 1797 3530 '’tltt

629 3481 750 3599 lithlhli:
761 3564 796 3575 -
817 3538 978 3588 habitantes.
997 3538 1053 3589 illic
1069 3486 1113 3590 ff}
1130 3544 1161 3600 (a
1178 3537 1283 3590 ceteri·
1303 3538 1371 3591 hina.
1389 3510 1444 3589 ndu
1463 3537 1576 3591 enotavi
1594 3488 1797 3607 thesiphonte-⁸

630 3625 692 3659 nem
711 3606 740 3656 h.
757 3606 801 3687 h).
837 3606 985 3657 habitantes
1000 3607 1057 3657 illia
1072 3606 1141 3660 Edd.
1163 3635 1196 3646 -
1214 3608 1252 3674 fit
1268 3609 1307 3659 eir
1325 3606 1433 3689 11960.
1463 3608 1552 3725 ,εἰοξι
1571 3607 1650 3659 ιιὲΙιΡ.
1678 3610 1716 3674 stt
1732 3604 1797 3658 ets

630 3675 723 3727 itinn.
758 3691 785 3726 ea
796 3676 832 3740 fit
850 3673 1070 3741 Fr-anudlnn.
1223 3678 1261 3726 15.
1301 3676 1402 3727 Crortaa
1419 3692 1498 3727 anrrn
1539 3677 1619 3725 Ι).-
1635 3675 1752 3727 tunesol
1768 3673 1797 3725 S.

630 3746 669 3796 rol
685 3741 753 3805 (orn.
769 3747 845 3811 tunc)
865 3742 895 3793 F.
916 3770 947 3779 -
967 3743 995 3793 in
1011 3743 1097 3795 terrir
1115 3758 1142 3792 r.
1161 3770 1192 3779 -
1209 3744 1301 3794 umbra
1319 3743 1381 3795 add.
1398 3760 1459 3809 cup.
1477 3744 1528 3795 m.
1562 3745 1691 3795 ambram
1711 3743 1744 3794 G.
1765 3771 1796 3781 ·-

631 3830 705 3881 qaam
723 3828 890 3881 gnomonem
909 3809 1024 3862 SRl2l).
1062 3810 1267 3878 premunitum
1283 3829 1418 3881 gnomone
1438 3810 1470 3861 F.
1511 3829 1585 3881 paeni
1601 3813 1713 3886 etitem
1729 3829 1800 3882 gno·

663 3967 782 4028 fenestra
796 3963 989 4031 septentrionis]
1008 3962 1025 4014 i.
1041 3981 1066 4014 e.
1082 3960 1110 4014 in
1127 3980 1191 4031 rep·
1243 3963 1419 4032 Quamquam
1437 3964 1511 4017 anim
1530 3964 1561 4016 P.
1578 3962 1674 4015 lorino
1691 3962 1800 4015 bllator.

632 4031 794 4084 tentrionuli
814 4030 925 4081 aedium
944 4038 1023 4096 parte
1043 4030 1106 4082 nita.
1241 4032 1292 4083 lib.
1317 4036 1355 4084 18.
1382 4033 1547 4101 Guagenam
1569 4034 1604 4082 ab
1627 4031 1729 4083 incolis
1750 4048 1800 4082 vo-

667 4103 708 4150 14.
742 4098 881 4167 tropicum]
906 4098 925 4149 i.
945 4115 969 4150 a.
989 4098 1128 4165 tropicum
1152 4097 1191 4150 ai·
1242 4100 1299 4151 uari
1318 4102 1482 4163 contendat,
1515 4099 1698 4150 aliostaman
1717 4097 1801 4149 aliter

633 4184 733 4237 gnum,
756 4165 904 4216 Cancrum.
1241 4168 1355 4223 sentire.
1391 4167 1465 4219 Olim
1485 4167 1595 4234 Syenen
1614 4173 1641 4217 ct
1658 4164 1801 4231 Elephan-

670 4239 710 4285 15.
750 4235 851 4285 Civitas
871 4241 959 4284 autern
981 4233 1076 4298 Syene]
1098 4233 1191 4297 „Erm-
1242 4236 1317 4287 tinen
1341 4235 1454 4301 imperii
1472 4233 1591 4286 Romani
1613 4232 1702 4285 inisse
1723 4233 1801 4285 clau·

634 4304 695 4355 dcrn
720 4318 777 4353 rcrn
797 4307 892 4351 narrat
908 4299 1019 4351 Plinius
1040 4300 1081 4364 ll,
1103 4301 1138 4350 13
1157 4301 1191 4366 [ιι.
1242 4312 1301 4355 ntra
1322 4310 1420 4355 unctor
1439 4307 1484 4353 cat
1508 4301 1627 4353 Tacitus
1647 4301 1743 4353 Annal.
1761 4300 1800 4366 ll,

633 4377 680 4433 75,
704 4371 784 4437 §183
801 4368 893 4434 Sill.]e
926 4368 1016 4419 Simili
1030 4369 1121 4431 modo,
1148 4367 1191 4419 in·
1241 4376 1305 4422 61.“
1330 4371 1415 4422 Ζιιιιιι.
1436 4397 1471 4409 -
1497 4369 1538 4422 Cl.
1555 4370 1658 4421 incerti
1675 4368 1801 4422 unctoria

634 4440 705 4504 quit,
721 4433 846 4502 tradant}
858 4438 886 4487 in
903 4436 1208 4505 Speneoppido,quod⁴
1242 4441 1393 4506 fragment.
1416 4438 1517 4502 malin,
1548 4439 1620 4505 qnod
1640 4435 1707 4490 h‘rlic
1726 4438 1800 4492 libro

635 4515 673 4558 est
694 4523 776 4574 capra
797 4505 986 4556 Alexandriam
1010 4505 1126 4572 quinque*
1141 4505 1192 4555 mi·
1243 4506 1364 4567 subieci,
1381 4507 1408 4570 l,
1426 4507 1439 4572 h
1458 4512 1498 4570 7.,
1530 4514 1559 4558 et
1577 4506 1720 4559 cebaliae
1739 4505 1801 4558 eod.

635 4576 702 4627 libna
725 4574 885 4636 stadiorum,
923 4572 1031 4623 roletitii
1046 4573 1089 4622 die
1107 4572 1193 4623 media
1243 4577 1286 4627 na
1303 4568 1409 4626 ibidem
1427 4574 1585 4643 exrcripta‚
1620 4581 1650 4628 et
1669 4574 1801 4627 blattina.

634 4645 735 4694 nullam
751 4644 870 4692 ambram
883 4641 951 4690 iaci:
966 4647 1125 4707 puteumque
1138 4640 1194 4691 ciart
1244 4643 1291 4707 Ἡ,
1310 4643 1323 4709 5
1341 4648 1402 4695 588.

635 4708 1803 4845 Jsssszsssszmffiffyq‘ss‘g{32‘2'22‘322’1'3pigmqffje‘ss‘ffllpss'pipim}

637 4850 686 4899 iem
717 4847 759 4898 illi
790 4846 847 4897 loeo
876 4860 959 4912 snpra
984 4844 1104 4895 verticem
1131 4859 1194 4895 eree.
1246 4819 1333 4901 zanni.

637 4915 729 4967 Huius
745 4914 822 4965 urbia
838 4912 922 4964 ctiam
940 4912 1109 4963 mentionem
1127 4911 1198 4962 lacit
1279 4917 1358 4969 mitur
1374 4914 1559 4998 hemisphaerii
1569 4916 1741 4966 monstrantis
1756 4914 1803 4965 ho-

636 4982 793 5035 Panaanias
815 4983 842 5033 in
865 4981 1014 5049 Arcadicir·
1037 4979 1125 5100 lvm’
1152 4983 1196 5043 88,
1245 5000 1292 5037 rar
1314 5000 1388 5054 quem
1406 4997 1541 5051 yrupnroe
1562 4982 1667 5049 cocant]
1693 4981 1733 5033 01.
1756 4980 1805 5031 Vi·

637 5051 687 5119 5.]‚
722 5049 924 5117 ubiqunednm
944 5051 979 5115 rla
1004 5049 1075 5101 raia
1098 5049 1197 5100 ambre
1246 5059 1320 5104 trnr.
1338 5050 1440 5115 lx,e‚
1457 5054 1481 5102 1.
1502 5048 1624 5116 Scaphea
1639 5052 1695 5101 riva
1710 5049 1806 5100 hemi-

638 5120 772 5186 disputat,
789 5125 819 5170 ct
834 5118 995 5186 Stephanua
1011 5118 1045 5169 da
1065 5116 1197 5179 Urbibus,
1247 5138 1260 5173 r
1289 5120 1435 5174 haeririln
1467 5117 1603 5179 (invenit)
1638 5115 1807 5169 Aristarchei

638 5187 673 5238 ad
692 5186 881 5252 qnemlocnm
897 5185 1024 5238 Thomna
1042 5186 1076 5236 de
1092 5185 1198 5237 Pincda
1272 5189 1372 5251 amine,
1406 5192 1435 5237 et
1457 5185 1588 5237 Martiae·
1612 5181 1662 5247 Vl,
1694 5181 1805 5249 §mr

639 5253 754 5317 scribit,
789 5255 823 5305 da
848 5254 985 5305 hodierno
1011 5254 1119 5322 Syene·
1149 5271 1197 5306 no·
1252 5258 1355 5325 Quippe
1371 5254 1483 5323 maphia
1500 5254 1624 5305 dieantur
1641 5251 1757 5302 rotanda
1773 5267 1807 5302 aa

640 5321 715 5375 minc
733 5320 806 5373 iuter
824 5327 953 5375 auctores
971 5338 1023 5381 non
1042 5323 1199 5376 convenire.
1249 5340 1312 5379 aere
1344 5340 1427 5387 cura,
1459 5336 1529 5389 qnae
1560 5321 1692 5372 horarum
1723 5319 1824 5365 mu

1962 5359 1974 5472 l
