5092 6425
757 945 895 1013 COMM.
918 944 963 1015 IN
984 943 1112 1013 SOMN.
1133 943 1231 1012 sele.
1274 943 1351 1010 LlB.
1371 945 1395 1008 1.
1439 945 1529 1012 GAP.
1547 945 1633 1011 XXI.
1722 945 1780 1011 121

609 1116 705 1185 videri
752 1140 770 1183 e
793 1125 873 1182 stare
896 1135 1146 1202 nonnumquam:
1172 1123 1336 1203 postquam
1354 1115 1444 1194 baec,
1464 1117 1607 1203 inquam,
1629 1117 1710 1180 iuter
1731 1122 1828 1186 easll

610 1205 658 1290 agi
679 1205 709 1270 vi
732 1211 850 1280 erunt,·
878 1212 977 1268 certas
999 1204 1057 1267 sibi
1078 1210 1179 1287 partes
1200 1202 1404 1268 decreverunt
1425 1202 1457 1265 iu
1479 1204 1545 1288 ipso
1566 1203 1648 1268 circo
1670 1202 1783 1266 consti-

610 1299 700 1355 tuere
721 1298 753 1355 et
776 1289 978 1354 divisionibus
1000 1297 1165 1365 annotare,
1200 1298 1237 1352 ut
1257 1297 1340 1353 certa
1362 1295 1465 1352 essent
1486 1289 1625 1353 locorum
1648 1287 1782 1365 uomina,

611 1377 643 1441 in
665 1376 779 1461 quibus
800 1397 852 1440 aas
873 1374 987 1439 morari
1007 1375 1056 1440 vel
1077 1374 1115 1438 de
1135 1374 1248 1459 quibus
1267 1374 1367 1439 exisse
1389 1372 1426 1438 ad
1450 1395 1567 1459 quaeve
1589 1395 1696 1439 rursus
1714 1395 1783 1438 esse

611 1470 757 1527 venturas
783 1469 814 1525 et
839 1460 896 1525 sibi
925 1460 1056 1525 invicem
1089 1460 1310 1525 annuntiarent
1336 1459 1431 1524 etad
1460 1468 1599 1545 posteros
1627 1459 1781 1524 noscenda

612 1548 865 1612 transmitterent
913 1546 1045 1610 Duobus
1071 1546 1165 1631 igitur
1187 1545 1266 1610 vasis
1290 1545 1393 1610 aeneis
1415 1545 1617 1632 praeparatis,
1647 1550 1832 1630 quorum12

612 1634 698 1697 alteri
720 1633 834 1697 luridus
855 1639 921 1696 erat
947 1632 978 1695 in
1003 1631 1128 1696 modum
1150 1630 1326 1716 clepsydrae
1345 1631 1477 1708 foratus,
1512 1631 1586 1697 illud
1610 1631 1693 1716 quod
1717 1639 1784 1695 erat

611 1720 764 1804 integrum
788 1739 917 1783 vacuum
941 1717 1138 1782 subiecerunt
1158 1717 1250 1801 pleno
1272 1737 1369 1802 aquae
1389 1717 1486 1782 altero
1504 1717 1708 1802 superposito,
1729 1717 1782 1781 sed

611 1815 716 1870 meatu
743 1812 814 1869 ante
843 1801 979 1878 munito,
1017 1811 1049 1866 et
1074 1803 1243 1887 quamlibet
1269 1802 1308 1868 de
1335 1803 1435 1867 infixis
1461 1824 1554 1869 uuam
1583 1802 1781 1868 clarissimam

613 1890 734 1955 stellam
762 1889 924 1972 lucideque
951 1888 1118 1953 notabilem
1147 1888 1298 1953 orientem
1325 1889 1574 1954 observaverunt.
1616 1888 1706 1966 Quae
1728 1888 1782 1953 ubi
1795 1890 1833 1954 13

614 1976 749 2061 primum
771 1975 872 2060 coepit
893 1995 1065 2059 emergere,
1096 1996 1167 2039 mox
1190 1975 1362 2039 munitione
1384 1974 1532 2039 subducta
1556 1975 1833 2059 perm'iseruntpoa]

614 2061 752 2126 subiecto
771 2061 833 2126 vasi
854 2081 966 2145 aquam
988 2060 1154 2144 superioris
1174 2059 1318 2125 inlluere:
1344 2060 1494 2144 fluxitque
1515 2061 1546 2123 iu
1567 2060 1666 2123 noctis
1686 2060 1783 2144 ipsius

616 2156 647 2211 et
667 2147 764 2212 secuti
785 2147 845 2211 diei
867 2146 970 2223 linem,
989 2153 1087 2230 atque
1103 2145 1135 2208 in
1158 2144 1187 2209 id
1208 2146 1307 2210 noctis
1327 2146 1488 2226 secundae,
1506 2144 1655 2230 quamdiu
1676 2144 1784 2208 eadem

616 2233 703 2297 stella
726 2232 764 2296 ad
786 2241 889 2296 ortum
906 2253 1014 2296 rursus
1035 2232 1209 2296 revertitur.
1252 2231 1342 2309 Quae
1362 2230 1415 2295 ubi
1436 2250 1584 2316 apparere
1603 2229 1654 2293 vix
1675 2230 1785 2314 coepit,
1795 2229 1835 2292 14

617 2339 690 2381 mox
711 2338 790 2403 aqua
813 2337 891 2402 quae
914 2317 1061 2381 inlluebat
1081 2325 1183 2381 amota
1202 2323 1258 2381 est.
1302 2315 1381 2383 Cum
1403 2315 1496 2400 igitur
1513 2315 1692 2380 observatae
1712 2314 1784 2380 stel-

618 2404 664 2467 lae
687 2402 747 2467 itus
768 2424 803 2467 ac
824 2401 941 2467 reditus
962 2403 1111 2487 integram
1132 2401 1317 2484 significaret
1337 2401 1413 2466 caeli
1433 2401 1680 2478 conversionem,
1699 2420 1784 2464 men·

618 2510 721 2553 suram
742 2488 799 2553 sibi
822 2487 897 2552 caeli
923 2488 954 2552 in
974 2509 1072 2574 aquae
1094 2488 1132 2553 de
1154 2487 1207 2552 illo
1228 2489 1315 2553 lluxu
1343 2495 1501 2572 susceptae
1531 2485 1702 2572 quantitate
1732 2507 1786 2570 po·

618 2582 755 2639 suerunt.
798 2577 863 2639 llac
884 2596 958 2660 ergo
987 2575 1018 2639 in
1062 2583 1143 2639 artes
1169 2595 1282 2659 aequas
1310 2573 1471 2640 duodecim
1498 2573 1556 2638 sub
1573 2572 1641 2637 'lida
1667 2571 1785 2636 dimen-
1796 2571 1835 2636 15

619 2661 705 2725 sione
726 2660 836 2740 divisa,
869 2660 928 2725 alia
951 2660 1014 2733 duo
1037 2596 1129 2727 iuius
1151 2661 1326 2746 capacitatis
1352 2669 1515 2748 procurata
1538 2666 1719 2737 santiam,
1749 2665 1787 2723 ut

1413 2815 1497 2880 [aaa.
1515 2811 1718 2882 vicabgsprleb.

620 2898 689 2949 alias
705 2900 792 2953 cidari
817 2916 1014 2967 nannarmquam
1031 2907 1102 2951 stare
1123 2899 1173 2951 Rl.
1326 2903 1367 2951 ll.
1401 2900 1465 2952 baec
1482 2900 1589 2966 inquam
1610 2896 1788 2950 BCFSB12G

619 2966 787 3019 moenam.
834 2970 941 3034 inquam
958 2969 1023 3017 baec
1041 2967 1143 3018 Eddl'.
1170 2998 1204 3006 -
1233 2968 1317 3019 exisse
1333 2976 1429 3032 atque
1445 2984 1536 3018 rursus
1550 2966 1581 3018 G.
1605 2968 1789 3028 —ssventurae

618 3052 673 3086 esse
692 3038 743 3086 Rl·
773 3065 807 3075 —
832 3037 986 3086 nuntiarent
1003 3034 1269 3087 uersureclorm
1285 3035 1407 3103 „llagl.“
1442 3036 1639 3086 annuntiarent
1662 3033 1788 3084 eaden.

721 3107 762 3152 12.
798 3101 1071 3168 clepslaprlreeBR2.
1111 3102 1323 3168 elypeidrelll.
1366 3101 1538 3167 clepsydriee
1555 3103 1588 3153 G.
1620 3130 1655 3139 —
1677 3106 1789 3167 saratas

619 3175 697 3234 (sup.
716 3171 778 3219 add.
796 3175 857 3237 per)
879 3170 928 3220 111.
956 3197 991 3205 -
1018 3177 1046 3221 et
1064 3186 1180 3221 vacuum
1221 3168 1277 3220 Tu.
1300 3198 1329 3205 -
1359 3168 1438 3236 plene
1457 3176 1553 3235 atque
1572 3169 1654 3220 altera
1676 3169 1728 3218 Rl.
1757 3195 1786 3204 —

619 3238 793 3287 clarissimam
812 3237 888 3296 (add.
907 3252 924 3287 a
942 3252 996 3286 see.
1017 3254 1054 3287 m.
1072 3187 1240 3296 stellantis
1263 3263 1296 3273 -
1322 3237 1418 3288 stellae
1442 3236 1475 3285 B.
1499 3263 1532 3274 -
1554 3236 1696 3287 notabilem
1713 3236 1796 3286 stet-1

621 3308 685 3355 lam
704 3309 779 3370 (sup.
799 3305 862 3353 add.
881 3305 1018 3363 orientem)
1039 3302 1069 3355 0.
1225 3307 1264 3353 13,
1300 3320 1360 3354 moa
1383 3319 1436 3354 am.
1456 3302 1490 3353 G.
1518 3329 1551 3339 -
1578 3304 1660 3353 secati
1682 3301 1789 3351 sssuev

622 3371 760 3440 c-guuo.
796 3370 978 3422 secataeRl.
1013 3369 1343 3436 sequentieCFis-bl’l.
1361 3397 1395 3407 —
1416 3378 1496 3436 atquc
1513 3369 1639 3419 initium
1654 3370 1738 3419 nactis
1755 3368 1788 3419 l).

621 3450 815 3505 atqueaeque
833 3438 1092 3505 adprincipiam
1109 3438 1193 3488 noetis
1210 3437 1232 3487 F
1251 3438 1288 3498 (P
1306 3454 1360 3488 om.
1377 3443 1469 3503 atque)
1493 3435 1671 3486 HlenBsrr.
1711 3443 1791 3502 atquc

621 3511 649 3559 in
667 3508 695 3557 id
711 3523 810 3572 usqae
829 3506 869 3556 ad
889 3505 1092 3573 principiam
1109 3506 1193 3557 noctis
1211 3506 1284 3569 „Me
1303 3504 1354 3560 Ox.
1373 3510 1401 3556 et
1418 3521 1516 3572 margo
1533 3502 1584 3553 L.“
1601 3531 1633 3541 -
1652 3504 1792 3554 revertitur

620 3574 815 3642 alass-gnis.
850 3572 963 3636 „Minus
983 3580 1065 3624 recte.
1099 3570 1169 3624 Nem
1188 3573 1277 3624 series
1296 3571 1431 3624 orationis
1450 3571 1569 3639 requirit
1586 3571 1791 3638 imperfectum.

620 3642 751 3693 Ceterum
770 3643 794 3693 si
813 3640 876 3706 quis
894 3640 976 3691 malit
993 3641 1090 3708 legere
1105 3648 1286 3705 reverteretur,
1303 3658 1353 3707 per
1370 3657 1414 3692 me
1431 3641 1507 3692 licet.
1541 3639 1596 3691 Sed
1613 3657 1666 3691 aon
1687 3646 1729 3692 eat
1743 3656 1793 3689 ne-

622 3726 715 3774 ccsse,
744 3710 874 3777 quoniam
892 3724 977 3774 sacepe
994 3716 1122 3761 revertere
1139 3708 1167 3759 in
1187 3710 1278 3761 larana
1297 3709 1383 3761 activi
1403 3708 1431 3760 in
1451 3716 1599 3776 praesente
1621 3717 1649 3760 et
1666 3708 1703 3760 iis
1721 3713 1792 3760 tem·

622 3778 749 3845 paribus,
782 3794 854 3845 quae
871 3792 887 3826 a
906 3785 1054 3843 praesente
1076 3776 1306 3845 proficiscuntur,
1337 3778 1410 3842 apud
1434 3777 1587 3843 scriptores
1611 3794 1665 3829 non
1688 3792 1792 3828 crateae

622 3845 724 3897 aetatis
742 3844 894 3898 occurrit.“
920 3845 1016 3896 Zeun.'
1053 3846 1167 3897 rerertit
1186 3846 1219 3896 l).
1268 3854 1458 3898 reverteretur
1474 3844 1593 3898 lours,
1640 3852 1793 3897 reverteret

624 3916 679 3965 s-b.
833 3916 873 3963 14.
909 3914 954 3963 eie
973 3914 1080 3981 ceperit
1097 3913 1168 3974 (del.
1186 3919 1227 3973 er)
1245 3913 1295 3964 ua.
1334 3914 1572 3982 primamcoepit
1590 3912 1622 3963 F.
1647 3941 1681 3950 -
1710 3921 1792 3964 ortas

623 3982 771 4033 acceditur
789 3981 839 4031 Re.
857 3982 974 4031 —caeli
991 3983 1181 4033 cmscmsicnem
1198 3983 1363 4051 significaret
1378 3982 1412 4033 G.
1447 3983 1630 4050 significarent
1645 3982 1793 4031 conversio·

623 4068 681 4101 nem
701 4056 769 4110 (orn.
788 4050 868 4108 caeli]
884 4048 935 4098 Rl.
959 4076 993 4088 —
1017 4049 1086 4100 caeli
1104 4050 1154 4100 sibi
1177 4048 1211 4100 B.
1363 4053 1404 4101 15.
1440 4050 1586 4116 aequales
1611 4048 1664 4097 112.
1685 4076 1719 4084 -
1745 4048 1792 4098 sab

625 4119 799 4169 demensione
809 4118 872 4183 fida
890 4116 920 4167 C.
945 4145 979 4154 —
999 4118 1088 4169 anius
1102 4116 1260 4185 capacitatis
1279 4116 1292 4166 l
1310 4116 1346 4176 (G
1365 4134 1426 4183 sup.
1442 4118 1543 4177 baias).
1561 4142 1593 4151 -
1615 4130 1682 4165 vaca
1695 4130 1793 4181 preca-

659 4272 703 4323 12.
746 4269 852 4319 Duobus
881 4268 967 4337 igitar
995 4268 1067 4318 vasis
1097 4267 1187 4319 aeneis
1235 4285 1285 4321 νον
1303 4267 1352 4334 τῆς
1370 4261 1435 4334 ὅλης
1452 4260 1564 4333 ἡμέρας,
1599 4259 1630 4326 ὅς
1647 4260 1720 4316 ἐστιν
1737 4257 1793 4315 eiad

624 4339 794 4403 praeparatis
824 4336 888 4402 eta]
917 4335 1083 4401 „Expressit
1111 4335 1186 4386 hauc
1235 4336 1285 4403 τῆς
1301 4329 1412 4401 πρώτης
1428 4328 1564 4400 ἀνατολῆς
1581 4333 1631 4385 τοῦ
1649 4327 1729 4400 ἡλίου
1748 4326 1794 4397 με’-

624 4412 751 4455 vetcrum
776 4410 852 4455 astru
878 4403 1064 4469 spectantium
1089 4402 1186 4454 inven-
1235 4401 1345 4487 χριτῇς
1362 4398 1433 4454 κατὰ
1452 4397 1503 4468 τὴν
1524 4395 1618 4467 ἓξῆςῆ
1646 4394 1795 4468 'percepci-

625 4473 802 4523 tionemnon
823 4471 914 4522 minus
938 4470 1185 4536 perspicneTheo
1235 4488 1284 4536 της
1307 4470 1455 4535 ανατολῆς·
1490 4466 1533 4521 ἐπὶ
1558 4466 1588 4521 δὲ
1673 4463 1795 4533 κλιμένης

626 4539 654 4590 ἰη
685 4538 901 4590 Commentariis
931 4539 966 4588 ad
991 4539 1185 4589 Ptolemaeum
1234 4537 1347 4603 ψεῦδος.
1383 4536 1502 4587 Causam
1532 4538 1632 4587 deinde
1656 4534 1794 4587 adiicieus

626 4609 676 4660 lib.
697 4609 726 4659 V.
747 4603 855 4670 συντάξ.
870 4601 995 4671 μεγάλης.
1030 4606 1120 4671 Quam
1137 4605 1187 4672 qui
1236 4607 1292 4667 eit,
1327 4601 1374 4656 διὰ
1392 4600 1424 4655 τὸ
1445 4600 1495 4656 τὸν
1515 4598 1593 4670 ἥλιον
1614 4600 1658 4655 ἐπὶ
1676 4601 1730 4654 τῶν
1746 4601 1794 4670 βο-

626 4678 704 4728 volet
725 4676 830 4727 ibidem
852 4672 1057 4740 recognoscite.
1091 4673 1186 4724 Ptole·
1254 4670 1379 4739 ειοτέρων
1405 4666 1540 4737 κλιμάτων
1560 4666 1636 4739 παρὰ
1663 4664 1714 4737 τὴν
1742 4670 1793 4722 τοί

626 4761 724 4796 macas
752 4760 819 4793 vero
846 4743 908 4809 ipse
936 4740 1072 4792 rationem
1101 4740 1186 4793 istem
1235 4691 1393 4807 lcqpaptvaai
1417 4736 1529 4806 ἔγκλισιν
1551 4734 1580 4790 ἐν
1602 4737 1706 4790 πλείοσι
1728 4733 1794 4825 pad-

626 4820 658 4863 ut
673 4813 807 4863 incertam
824 4808 970 4876 praeterit.
1005 4809 1187 4875 Hipparchus
1234 4804 1498 4878 aoreaiacrps'pectiac
1510 4806 1561 4858 ccci
1577 4800 1715 4873 ὁρίζοντος
1723 4822 1794 4874 quea

627 4879 656 4930 in
679 4880 766 4931 rectis
786 4876 997 4930 ascensionibus
1021 4880 1112 4930 locum
1134 4877 1188 4929 ali·
1236 4870 1282 4927 int
1298 4874 1354 4927 τῶν
1370 4870 1558 4942 νοτιοτέρων.“
1581 4875 1669 4927 Pone.

628 4965 709 5012 quem
735 4948 797 5011 dat,
828 4946 857 4996 in
882 4944 1005 5011 obliquis
1029 4963 1082 4997 nou
1109 4946 1187 4997 item.
1271 4949 1313 4995 13.
1349 4944 1474 5009 quamdiu
1492 4978 1516 4994 ..
1534 4942 1684 5009 revertitur]
1700 4939 1795 5006 Sire-

627 5016 719 5066 Verba
738 5021 803 5066 srrut
819 5012 960 5064 Theonis:
978 5005 1138 5098 νἽππαρχος
1159 5008 1189 5063 δὲ
1239 5012 1364 5078 spexeris
1383 5012 1418 5063 ad
1441 5028 1463 5063 c.
1487 5014 1534 5073 18,
1556 5010 1569 5077 ᾗ
1592 5014 1634 5060 11.
1655 5017 1684 5060 et
1704 5026 1728 5062 c.
1750 5014 1796 5074 20,

628 5079 673 5134 int
694 5080 744 5148 μὲν
764 5081 813 5148 τῆς
836 5076 925 5148 ὀρθῆς
947 5084 1066 5148 aperique
1085 5076 1173 5147 arnas
1238 5079 1306 5145 §aa
1320 5084 1349 5129 et
1363 5078 1421 5131 Sat.
1437 5076 1488 5129 vll
1512 5081 1618 5142 14‚13.,
1634 5076 1683 5128 ubi
1701 5094 1795 5143 qaam·

628 5146 700 5201 εἶναι
717 5144 802 5202 τοῦτό
821 5160 904 5214 φησιν
922 5146 1030 5215 (φασὶν
1049 5152 1122 5215 p-e)‚
1150 5140 1187 5207 cie
1237 5148 1300 5210 dia,
1320 5151 1352 5198 ut
1369 5146 1397 5198 b.
1416 5145 1450 5209 l.,
1469 5116 1543 5196 idem
1564 5146 1640 5197 valet
1659 5144 1730 5210 quod
1749 5160 1795 5194 as-

628 5209 1185 5284 cidcaqxopoaiveoc(aideapopoaiacecp2-z)
1237 5232 1287 5283 que
1304 5213 1381 5275 dam,
1405 5212 1489 5265 malis
1505 5211 1623 5265 forsitan
1642 5227 1704 5262 cum
1723 5208 1796 5262 Zeu·

629 5281 659 5337 ἐν
676 5286 710 5354 τῇ
728 5280 852 5353 ἰσημερίᾳ
873 5280 924 5333 τοῦ
948 5278 1051 5351 χρόνον
1071 5284 1119 5350 τῆς
1136 5281 1187 5335 τοῦ
1237 5283 1285 5334 nio
1300 5280 1387 5334 scribi
1403 5288 1585 5333 reverteretur.
1616 5279 1650 5332 At
1666 5277 1809 5353 equidem⁸

628 5348 734 5421 κόσμου
751 5347 935 5417 περιστροφῆς
959 5348 1030 5418 πρὸς
1052 5346 1102 5405 τὸν
1123 5344 1188 5420 apd·
1236 5347 1400 5422 putavetim
1440 5344 1629 5420 Neapolitani
1665 5347 1825 5411 quassum
