5092 6425
701 938 797 985 mir
1068 949 1070 954 .
1145 909 1478 980 uiolatoribus.

702 1092 731 1142 in
756 1086 838 1141 cuins
861 1087 942 1137 domo
964 1082 1129 1151 llustalblus
1150 1083 1227 1134 illam
1249 1083 1333 1134 labet
1357 1080 1571 1145 disputationem
1589 1078 1624 1129 ad
1641 1089 1722 1141 quam
1740 1076 1768 1129 ei
1788 1089 1860 1140 opus
1877 1079 1921 1129 est

702 1174 844 1236 exemplar
859 1170 1008 1223 carminum
1021 1168 1144 1233 virgilii.

769 1277 795 1326 y.
830 1256 863 1309 ln
880 1254 936 1308 fune
953 1255 1018 1308 llbrl
1035 1256 1058 1307 1.
1078 1259 1117 1316 (c.
1136 1253 1179 1306 at.
1196 1251 1225 1318 §i
1247 1253 1281 1304 21
1301 1256 1330 1304 ct
1347 1251 1405 1317 ti.)
1427 1251 1626 1303 Praetextatus
1645 1249 1713 1301 dicit
1729 1249 1775 1301 die
1794 1249 1919 1301 secundo

703 1347 817 1411 primum
841 1341 998 1408 disputandi
1015 1343 1109 1392 iocum
1133 1339 1307 1392 tribuendum
1329 1352 1395 1390 esse
1414 1339 1577 1404 Eustatbio,
1604 1338 1756 1389 secundom
1770 1337 1920 1401 Flauiano,

704 1433 803 1485 deinde
827 1445 861 1483 se
881 1430 956 1481 velle
976 1429 1079 1479 babere
1101 1426 1317 1489 disputationem
1341 1438 1359 1477 a
1380 1439 1413 1476 se
1436 1428 1635 1490 exspectatam.
1662 1424 1748 1487 ‘Apud
1765 1423 1921 1474 Portarum

704 1520 797 1572 omnla
817 1519 974 1571 turbantur.
1008 1516 1040 1566 ln
1062 1510 1117 1565 linc
1141 1511 1347 1574 colloquiorum
1369 1511 1522 1575 primodie
1545 1511 1619 1561 lnter
1636 1510 1740 1572 pocula
1765 1509 1919 1559 habitorum

704 1605 881 1673 (11,16,8.)
904 1604 1008 1655 dicitur
1029 1600 1210 1664 symmachus
1242 1598 1347 1662 primus
1372 1597 1526 1649 andiendus
1549 1608 1615 1647 esse
1641 1595 1686 1646 die
1716 1595 1860 1655 secundo,
1893 1592 1920 1642 id

705 1693 778 1756 quod
796 1704 852 1742 non
871 1686 1003 1752 congruit
1019 1699 1081 1745 cum
1099 1685 1136 1736 lis
1153 1699 1223 1749 purae
1236 1685 1318 1736 modo
1335 1683 1608 1734 commemoravimus
1614 1697 1623 1745 ι
1641 1681 1810 1744 sedprimus
1823 1683 1920 1731 orator

703 1779 767 1829 libri
787 1765 863 1843 lll.,’
878 1775 898 1826 i.
915 1786 941 1825 e.
957 1785 973 1823 e
990 1771 1111 1824 Pontanl
1132 1771 1272 1822 sententia
1288 1771 1393 1833 primus
1411 1768 1466 1821 dlel
1487 1768 1618 1832 secundi,
1644 1769 1690 1817 cst
1705 1767 1841 1829 Vettium
1863 1778 1919 1817 non

704 1863 897 1927 symmachus.
930 1859 1060 1910 inlibris
1079 1871 1160 1908 mann
1178 1857 1293 1919 scriptis
1312 1858 1414 1907 desunt
1431 1856 1538 1920 quidem
1556 1853 1763 1917 disputationes
1780 1851 1919 1906 llustatlrii

704 1953 733 1999 et
750 1946 889 2012 Flauiani,
908 1946 960 1996 aad
976 1957 1029 1996 suo
1048 1945 1114 1995 loco
1133 1942 1239 2006 legitur
1257 1941 1409 2005 disputatio
1428 1942 1527 2008 vettil,
1544 1941 1618 1992 etin
1635 1935 1689 1989 fine
1709 1940 1771 1990 eius
1791 1938 1847 1989 diei
1865 1950 1918 2002 quo

704 2048 740 2084 ea
756 2033 850 2085 babila
867 2030 993 2096 catilli,
1009 2031 1058 2093 20,
1076 2029 1116 2088 8.)
1136 2027 1294 2091 Symmachi
1316 2030 1468 2093 disputatio
1492 2026 1671 2078 denuntiatur
1695 2025 1779 2075 tertio
1802 2025 1848 2074 die
1871 2025 1918 2074 ba-

703 2121 803 2186 benda,
820 2118 902 2170 culus
918 2116 1013 2179 aliqua
1030 2127 1096 2178 pars
1111 2113 1192 2165 nobis
1212 2114 1405 2165 videturesse
1425 2117 1540 2166 serrata
1555 2113 1583 2162 ln
1600 2113 1673 2162 libro
1691 2114 1801 2175 quarto.

771 2218 797 2256 c.
832 2204 887 2255 sed
904 2202 1096 2264 supplementa
1113 2198 1164 2250 illa
1180 2198 1302 2249 Pontani
1319 2200 1387 2251 nibil
1403 2213 1470 2267 esse
1490 2199 1545 2251 nisi
1562 2212 1670 2262 pannos
1693 2199 1825 2260 nautes,
1857 2193 1918 2258 qui·
1951 2203 1953 2210 ’

702 2293 755 2343 bus
775 2292 886 2355 tegeret
904 2288 1063 2350 scissuras,
1080 2299 1115 2336 ex
1132 2285 1203 2349 ipsis
1221 2285 1306 2335 iacile
1322 2288 1465 2350 probatur.

770 2391 798 2425 α.
832 2375 863 2424 ln
880 2373 1071 2438 supplemento
1090 2374 1162 2436 quod
1180 2374 1225 2423 est
1245 2371 1274 2422 in
1296 2372 1360 2423 librl
1383 2372 1430 2424 lll.
1453 2369 1590 2434 prlnclpio
1610 2370 1693 2420 modo
1711 2365 1917 2418 demonstrari-

702 2474 764 2511 mus
794 2461 888 2511 locum
917 2464 1074 2510 convertus
1100 2471 1158 2509 non
1188 2462 1268 2509 recte
1296 2470 1363 2508 esse
1384 2457 1548 2508 indicatum:
1575 2455 1834 2521 monterianum,
1861 2466 1916 2504 non

701 2524 839 2607 vestium,
861 2546 974 2595 ceteros
995 2544 1024 2593 ln
1042 2542 1113 2593 diem
1129 2545 1281 2594 secundum
1298 2545 1333 2594 ad
1349 2556 1382 2593 se
1399 2542 1546 2594 invitasse.
1580 2542 1687 2594 Deinde
1706 2553 1742 2591 ea
1759 2553 1832 2604 quae
1850 2539 1918 2591 dicit

701 2631 864 2694 Euangelus
881 2628 968 2678 verbo
987 2630 1068 2678 tenua
1087 2617 1232 2692 desumpta
1248 2633 1315 2680 runt
1331 2642 1348 2681 e
1364 2630 1438 2680 libro
1455 2629 1476 2678 l.
1495 2633 1535 2690 (c.
1553 2627 1598 2696 tt,
1615 2627 1629 2692 5
1647 2627 1715 2692 11,),
1733 2626 1780 2689 qni
1799 2629 1919 2677 nonest

701 2717 764 2768 cios
781 2727 842 2765 mos
860 2715 932 2777 apud
949 2714 1137 2766 blacrobiumr
1159 2726 1250 2776 neque
1268 2714 1332 2766 elna
1349 2714 1518 2766 mordacitas
1536 2714 1595 2780 sic,
1615 2717 1647 2763 nt
1663 2712 1728 2763 allis
1750 2711 1840 2776 locis,
1868 2724 1917 2761 ex-

699 2800 827 2865 primitur
844 2798 955 2850 verbis:
980 2798 1058 2850 Nunc
1074 2798 1161 2867 igitur
1178 2799 1279 2867 comple
1289 2801 1456 2866 premiorum,
1472 2799 1515 2852 oei
1533 2813 1674 2849 sermm
1692 2814 1710 2847 o
1726 2797 1916 2850 nemoriatur

699 2886 805 2938 medum
828 2884 934 2937 cestim
952 2884 994 2935 orl
1014 2883 1103 2951 poliac
1123 2885 1273 2951 praesulem
1295 2892 1413 2937 aoclruar
1439 2885 1582 2952 Virgilium
1598 2883 1748 2951 pontificem
1769 2883 1916 2952 ignorasse.

700 2972 794 3035 Magis
813 2971 895 3020 etiam
910 2968 1024 3021 oiiendit
1043 2969 1229 3022 Praetextatus
1248 2971 1349 3022 deceati
1365 2971 1458 3021 robore
1473 2971 1614 3036 posuere.-
1630 2968 1760 3019 tribuitur
1777 2969 1850 3019 enim
1867 2984 1917 3020 rc·

700 3057 836 3108 recundla
852 3055 925 3106 allas
940 3055 1041 3107 servio
1057 3054 1165 3118 quidem
1183 3055 1360 3108 adolescenti
1377 3056 1431 3121 (ll,
1448 3055 1475 3122 2,
1491 3055 1539 3118 1²3
1557 3052 1621 3118 Vll,
1638 3053 1680 3117 11,
1701 3054 1742 3114 i.)
1759 3059 1788 3104 et
1807 3055 1932 3105 Avieno

701 3143 765 3209 (Vl,
780 3143 808 3210 l,
823 3142 883 3207 1.),
897 3154 1035 3206 nusquam
1051 3153 1122 3193 vcro
1137 3144 1331 3209 Praetextato,
1349 3141 1430 3192 cuius
1447 3140 1520 3190 allas
1538 3138 1577 3203 (l,
1595 3143 1621 3206 b,
1638 3138 1680 3199 1.]
1700 3141 1816 3192 moralis
1834 3153 1917 3204 prae·

699 3228 968 3302 dicaturgravitas.
1007 3230 1104 3292 Neque
1127 3232 1270 3282 commode
1292 3233 1346 3281 boc
1365 3230 1585 3294 supplementum
1611 3226 1648 3277 iis
1670 3240 1742 3290 onae
1760 3233 1916 3292 sequuntur

698 3316 857 3368 adnectitur
875 3314 918 3365 bis
937 3314 1047 3366 verbis:
1069 3315 1106 3368 ltr
1123 3316 1170 3367 loc
1186 3315 1318 3385 Virgilium
1332 3316 1408 3383 prius
1421 3313 1503 3381 picae
1520 3313 1689 3377 demonstrat,
1707 3329 1787 3380 poam
1798 3314 1916 3365 Aenean

700 3401 852 3468 Pontificem
864 3400 1007 3452 introducit
1017 3400 1092 3468 putri
1103 3418 1151 3453 ruo
1163 3402 1200 3453 ric
1215 3401 1370 3468 loquentem,
1381 3399 1480 3451 eiectis
1499 3399 1536 3449 lis
1552 3412 1624 3463 quae
1639 3401 1772 3464 leguntur
1789 3399 1817 3449 ln
1835 3400 1914 3450 codd.

697 3500 781 3538 mas-t
810 3485 940 3538 uiolatum
960 3494 1166 3541 macerasset
1185 3488 1269 3540 multo
1287 3488 1368 3540 eorde
1384 3486 1527 3553 pollutum,
1551 3497 1623 3549 quae
1644 3485 1685 3536 lta
1705 3486 1765 3536 iere
1785 3486 1916 3537 videnlur

698 3584 766 3621 csse
788 3571 956 3633 supplendae
990 3571 1081 3637 Neque
1101 3572 1150 3624 llcc
1171 3574 1206 3623 ob
1229 3590 1259 3625 eo
1280 3571 1428 3625 aureolis
1455 3570 1599 3622 Penatibus
1625 3578 1663 3623 ert
1686 3570 1829 3632 uiolaturi,
1860 3576 1914 3622 etc.

698 3657 853 3706 Praeterea
874 3654 904 3703 in
925 3656 1019 3706 verbis
1046 3656 1117 3719 ipsis
1138 3663 1204 3709 sunt
1220 3660 1355 3710 nonnulla
1372 3671 1445 3722 quac
1462 3657 1570 3706 minime
1586 3656 1756 3707 conveniant
1772 3668 1835 3706 cum
1853 3658 1916 3707 bla-

698 3739 788 3792 crobii
805 3752 882 3791 more
900 3739 1023 3806 dicendi,
1041 3746 1085 3793 ul:
1105 3750 1181 3795 orric
1195 3745 1373 3796 coeundum
1391 3742 1502 3810 coepit
1522 3741 1679 3810 anagclur
1701 3742 1817 3793 Vctliura
1835 3741 1914 3793 tatt-

698 3832 746 3878 tcr
763 3822 978 3892 compellare,
1000 3832 1030 3877 et
1047 3827 1104 3878 Hoc
1121 3834 1209 3879 uatem
1227 3836 1319 3897 reputo
1339 3828 1575 3897 principaliter
1591 3827 1822 3894 praemittendum.
1857 3830 1915 3879 Dc-

698 3911 792 3977 nique,
809 3909 835 3961 sl
852 3910 886 3959 ad
906 3910 993 3961 totius
1012 3912 1106 3975 operis
1122 3913 1334 3977 dispositionem
1353 3916 1400 3966 lib.
1416 3915 1439 3978 1,
1458 3928 1483 3964 ο.
1494 3912 1537 3978 ti,
1556 3913 1569 3979 i
1587 3913 1619 3963 16
1637 3926 1697 3977 sqq.
1713 3915 1850 3976 prolatam
1867 3927 1915 3966 rc·

697 3996 844 4061 spexeris,
870 3996 1012 4063 intelllges
1030 4011 1120 4062 pauca
1137 4000 1207 4050 baec
1222 4002 1309 4051 verba
1332 4013 1398 4052 esse
1418 4001 1527 4051 inserta
1546 4012 1598 4062 pro
1620 4000 1727 4049 duabus
1745 4000 1914 4064 disputatio·

697 4084 778 4136 nibus
793 4084 934 4145 ltustatbll
948 4089 977 4136 ct
992 4084 1123 4136 Flauiani
1139 4090 1169 4136 et
1187 4092 1267 4149 parte
1285 4088 1401 4150 quadam
1419 4083 1617 4148 disputationis
1635 4084 1733 4135 Vettii.

764 4166 791 4237 β.
825 4170 957 4232 Apertior
973 4173 1019 4222 eat
1035 4172 1114 4221 iraus
1131 4171 1158 4221 ln
1174 4168 1230 4222 fine
1245 4172 1311 4224 libri
1327 4173 1391 4238 lll.,
1414 4185 1493 4235 quem
1511 4172 1671 4236 Fontanus,
1687 4174 1719 4221 ut
1738 4183 1825 4233 supra
1840 4169 1913 4220 dixi·

695 4272 766 4322 mus,
785 4257 884 4308 statuit
902 4256 1043 4309 terminari
1061 4257 1224 4308 duodecimo
1243 4258 1344 4321 capite.
1368 4259 1409 4309 Ad
1425 4258 1665 4322 interrogationes
1678 4256 1914 4320 EvangeiiPrac·

695 4346 804 4394 textato
821 4344 883 4391 crat
899 4342 1130 4403 respondendum,
1153 4343 1202 4392 scd
1221 4342 1250 4392 ln
1267 4344 1321 4394 boc
1338 4343 1529 4406 supplemento
1547 4342 1701 4394 afferuntur
1718 4343 1805 4392 verba
1824 4354 1912 4405 quae-

695 4428 756 4477 dam
780 4438 796 4475 e
817 4423 1022 4476 commentariis
1045 4426 1190 4477 terrionis
1212 4428 1370 4493 desumpta,
1397 4440 1469 4491 quae
1492 4430 1633 4492 pertinent
1655 4426 1764 4490 quidem
1783 4427 1818 4476 ad
1839 4427 1911 4477 bunc

693 4511 808 4577 Virgilii
825 4512 916 4561 locum
934 4511 1155 4579 (Aen.lV,b8.),
1174 4511 1224 4562 led
1241 4514 1359 4565 maxima
1376 4519 1507 4576 exparte
1527 4513 1594 4564 nibil
1610 4513 1717 4564 iaciunt
1734 4512 1770 4563 ad
1788 4512 1912 4562 interro·

693 4598 834 4663 gallonem
859 4595 1011 4663 Evangeli‚
1040 4601 1069 4647 ct
1095 4598 1125 4649 ln
1153 4594 1209 4649 fine
1237 4600 1348 4651 omnino
1371 4604 1470 4650 carent
1496 4611 1593 4649 sensu.
1631 4599 1700 4649 Nam
1724 4596 1788 4660 quid
1812 4598 1911 4647 volunt

693 4685 793 4734 rerba:
813 4681 851 4762 111
868 4680 905 4732 ric
924 4681 1049 4733 lunonem
1064 4684 1216 4737 conciliauit
1231 4692 1344 4738 sotter
1363 4675 1516 4742 Servius?
1548 4685 1628 4747 Apud
1644 4681 1771 4733 Uerrium
1789 4681 1910 4745 legitur:

693 4768 787 4829 liiiio
807 4767 933 4818 lunonem
955 4766 1079 4819 conciliat
1099 4773 1156 4829 (sc.
1178 4771 1317 4835 Aeneas).
1368 4771 1493 4834 Denique
1518 4768 1693 4831 ineptissima
1716 4767 1830 4818 ratione
1855 4770 1910 4817 lnoc

691 4855 909 4922 supplementum
927 4851 1156 4905 antecedentibus
1172 4856 1331 4908 adnectitur
1351 4857 1394 4907 bls
1411 4855 1518 4906 verbis:
1552 4854 1625 4905 Tunc
1645 4853 1756 4904 Socios
1775 4868 1909 4919 respor-

691 4938 769 4991 dore
785 4945 928 5007 rogatur
944 4936 993 4988 ait.
1028 4936 1119 4990 Aliter
1136 4940 1301 4992 Macrobius
1320 4940 1409 5007 (1,1,
1429 4939 1485 5006 1.),ι
1504 4938 1548 4990 Ad
1568 4937 1633 4988 lucc
1651 4954 1709 4988 cura
1731 4938 1848 4989 caecina
1863 4954 1908 4989 rc-

689 5023 782 5075 niden
805 5029 917 5086 taceret,
945 5011 1098 5075 cl'Seroiaa
1121 5041 1139 5075 o
1159 5023 1315 5091 Symmacho
1334 5032 1482 5094 rogatur,
1500 5030 1595 5086 caret,
1621 5023 1775 5090 puidaoru
1798 5023 1836 5074 dc
1857 5022 1909 5074 iric

689 5107 912 5162 crictiruor'et:
932 5108 1013 5173 birci,
1030 5109 1126 5176 iuquit,
1144 5112 1198 5160 cet.
1216 5114 1246 5160 et
1263 5110 1326 5177 (vl,
1342 5112 1367 5177 6,
1386 5110 1440 5176 i.)r
1461 5109 1515 5161 Sed
1532 5125 1602 5160 auae
1620 5110 1693 5161 dicct
1709 5110 1769 5161 colo
1789 5109 1908 5172 Servios,

688 5212 756 5263 quac
772 5196 801 5246 ia
816 5194 930 5263 Virgilio
946 5194 1086 5257 celaverit,
1102 5197 1131 5246 et
1147 5193 1235 5245 intra:
1255 5195 1360 5247 Placuit
1376 5195 1506 5246 uniomsia
1523 5195 1613 5246 eiectio
1631 5195 1659 5245 iu
1676 5195 1780 5262 reliqua
1793 5195 1907 5261 suffecti,

680 5289 711 5331 et
723 5282 864 5336 adhortati
879 5288 942 5334 cunt
961 5281 1095 5347 Seruium,
1112 5286 1143 5333 ut
1161 5296 1231 5348 puae
1247 5280 1277 5333 iu
1294 5272 1322 5333 'rc
1339 5283 1431 5347 refuso
1447 5285 1509 5333 aaut
1525 5286 1675 5333 concuret.
1713 5281 1817 5333 illesic
1834 5280 1905 5332 iuci-

653 5361 711 5421 pt't.
732 5366 798 5415 Nec
812 5366 911 5421 minus
926 5368 1052 5436 insipida
1069 5371 1117 5426 est
1132 5368 1281 5423 eburnis:
1303 5366 1370 5423 cun
1388 5371 1477 5422 ulan
1491 5364 1534 5417 bt·
1548 5364 1626 5418 dictis
1642 5380 1731 5418 macr
1746 5365 1904 5435 appium·
