5092 6425
785 894 923 962 COMM.
943 893 989 962 IN
1009 891 1136 960 SOMN.
1157 886 1256 959 SCIP.
1299 891 1365 957 LlB
1395 894 1436 958 II.
1477 893 1567 960 CAP.
1587 897 1611 961 Ι.
1630 897 1669 961 ΙΙ.
1749 890 1811 964 tati

639 1067 825 1132 continetur.
868 1063 956 1128 Hanc
977 1063 1088 1127 lineam
1112 1062 1136 1127 si
1160 1062 1377 1148 geminaveris,
1404 1062 1536 1128 alterum
1558 1063 1808 1132 mathematicum
1839 1062 1861 1132 d

638 1174 750 1237 corpus
778 1150 907 1226 efficies,
946 1148 1029 1234 quod
1059 1147 1179 1212 duabus
1206 1147 1451 1213 dimensionibus
1479 1149 1674 1229 aestimatur,
1716 1152 1809 1237 longo

638 1240 777 1322 latoque,
810 1236 863 1300 sed
891 1235 953 1299 olto
975 1241 1071 1298 caret:
1108 1240 1140 1298 et
1162 1233 1220 1298 hoc
1243 1243 1291 1299 est
1317 1234 1399 1319 quod
1428 1235 1509 1320 apud
1538 1236 1607 1301 illos
1632 1237 1810 1323 superficies
1869 1222 1893 1249 ”

638 1331 780 1399 vocatur,
812 1321 935 1419 punctis
957 1326 1059 1383 autem
1083 1327 1231 1404 quattuor
1251 1321 1440 1398 continetur,
1475 1321 1504 1385 id
1530 1329 1577 1386 est
1600 1323 1810 1409 persingulas

640 1410 735 1473 lineas
756 1409 845 1471 binis.
888 1405 920 1470 Si
941 1425 1014 1469 vero
1035 1404 1093 1469 bae
1115 1405 1193 1470 duae
1219 1406 1317 1470 lineae
1338 1405 1453 1469 luerint
1474 1407 1516 1470 du
1540 1407 1659 1485 litatae,
1681 1416 1717 1473 ut
1738 1409 1809 1474 sub·
1840 1402 1861 1474 'i

639 1495 725 1558 iectis
747 1492 866 1557 duabus
886 1491 965 1554 duae
988 1500 1253 1576 superponantur,
1281 1490 1430 1556 adicietur
1452 1428 1659 1576 proiirnditas,
1685 1502 1717 1558 et
1738 1494 1810 1560 hine

638 1580 769 1643 solidum
793 1598 905 1662 corpus
927 1575 1073 1651 eflicitur,
1107 1577 1189 1661 quod
1211 1578 1278 1641 sine
1299 1577 1395 1641 dubio
1418 1584 1488 1642 octo
1508 1579 1628 1663 angulis
1649 1579 1860 1666 contine-[raa]

638 1665 735 1728 bitur:
771 1663 854 1748 quod
874 1661 1015 1727 videmus
1041 1661 1071 1725 in
1090 1669 1221 1740 tessera,
1247 1683 1327 1748 quae
1350 1661 1470 1728 Graeco
1488 1663 1614 1728 nomine
1636 1660 1736 1746 κύβος
1757 1686 1810 1729 ιο-

638 1758 731 1814 catur.
784 1749 841 1813 His
864 1747 1057 1833 geometricis
1079 1747 1252 1813 rationibus
1274 1748 1445 1832 applicatur
1466 1756 1575 1814 natura
1599 1768 1810 1828 numerorum,
1840 1747 1861 1816 8

638 1842 669 1899 et
691 1855 798 1898 monas
820 1840 968 1919 punctum
991 1838 1133 1917 putatur,
1161 1833 1246 1918 quia,
1273 1834 1352 1898 sicut
1375 1841 1522 1918 punctum
1545 1854 1657 1920 corpus
1679 1856 1741 1901 non
1763 1844 1812 1901 est

639 1920 692 1984 sed
716 1941 753 1984 ex
775 1939 808 1984 se
830 1919 901 1982 lacit
921 1937 1064 2004 corpora,
1086 1918 1128 1983 ita
1151 1940 1259 1984 monas
1279 1936 1428 1984 uumerus
1451 1940 1518 1985 esse
1541 1942 1604 1984 non
1625 1919 1737 1986 dicitur
1758 1922 1811 1986 sed

639 2006 725 2088 origo
749 2025 959 2069 numerorum.
1002 2003 1126 2070 Primus
1145 2026 1218 2090 ergo
1242 2024 1389 2069 numerus
1410 2006 1441 2070 in
1462 2005 1583 2071 duobus
1605 2013 1667 2083 est,
1699 2006 1752 2092 qui
1772 2007 1811 2071 si·
1840 2000 1863 2074 0

640 2091 720 2155 milis
740 2098 787 2155 est
808 2091 907 2154 lineae
927 2088 965 2152 de
987 2096 1102 2173 puncto
1120 2091 1179 2155 sub
1197 2090 1317 2175 gemina
1340 2090 1446 2175 puncti
1464 2090 1722 2156 determinatione
1741 2111 1813 2177 pro·

639 2177 757 2241 ductae.
800 2176 859 2241 llic
881 2195 1043 2250 numerus,
1065 2175 1142 2253 duo,
1168 2175 1341 2260 geminatus
1362 2174 1400 2238 de
1422 2196 1455 2239 so
1478 2175 1571 2240 eflicit
1591 2182 1752 2259 quattuor,
1773 2175 1812 2241 ad

640 2261 873 2325 similitudinem
902 2259 1109 2325 mathematici
1137 2261 1290 2347 eorporis,
1330 2260 1414 2345 quod
1435 2261 1493 2325 sub
1516 2267 1663 2346 quattuor
1689 2261 1812 2345 punctis

640 2347 731 2429 longo
753 2346 874 2432 letoque
900 2345 1093 2410 distenditur.
1156 2345 1382 2425 Quaternarius
1406 2362 1531 2431 quoque
1553 2343 1618 2431 ipse
1639 2345 1812 2428 geminatus
1824 2350 1863 2413 10

641 2440 710 2496 octo
732 2431 839 2508 efficit,
862 2431 914 2517 qui
938 2452 1084 2496 numerus
1103 2431 1235 2497 solidum
1256 2450 1368 2517 eorpus
1391 2430 1545 2496 imitatur:
1579 2431 1658 2495 sicut
1678 2431 1753 2495 duas
1776 2430 1812 2497 li-

641 2538 714 2581 neas
747 2518 881 2581 diximus
914 2516 1032 2581 duabus
1062 2517 1270 2603 superpositas
1304 2525 1376 2582 octo
1404 2517 1588 2602 angulorum
1620 2515 1812 2583 dimensione

641 2604 790 2688 integram
814 2603 951 2689 corporis
973 2602 1157 2668 soliditatem
1181 2621 1300 2669 creare:
1338 2611 1370 2669 et
1390 2600 1450 2668 hoc
1469 2602 1617 2688 estquod
1638 2602 1719 2687 apud
1742 2618 1814 2689 goo=

1438 2753 1523 2816 [Edd.
1544 2753 1746 2824 vicahgepdzh.

642 2841 697 2892 sine
712 2841 767 2892 lato
784 2839 816 2890 F.
830 2866 862 2877 -
879 2840 941 2890 solo
958 2838 990 2890 P.
1143 2843 1170 2890 a.
1203 2856 1297 2909 corpur
1313 2839 1527 2891 mathematicum
1542 2838 1574 2890 F.
1589 2866 1624 2880 ·-
1638 2841 1745 2906 afficiet
1764 2838 1829 2890 aa.

640 2937 674 2946 -
697 2911 857 2961 aestimetur
876 2907 904 2958 S.
957 2913 1120 2961 extruetur
1150 2904 1232 2974 viag,
1262 2907 1335 2974 quod
1355 2906 1428 2960 Mod.
1444 2901 1478 2958 Ν.
1495 2904 1528 2956 Is.
1547 2925 1591 2972 ep.
1608 2912 1657 2970 91,
1675 2926 1702 2974 p.
1720 2910 1816 2959 411.ο

641 2979 757 3027 membr.
777 2976 896 3043 corrigit
912 2973 940 3025 in
959 2976 1123 3026 aestimatur.
1145 3003 1171 3012 -
1198 2977 1345 3027 continetur
1361 2976 1423 3025 odd.
1443 2991 1461 3025 a
1478 2990 1534 3026 sec.
1554 2990 1589 3025 m.
1608 2974 1660 3025 ar.
1677 3004 1711 3013 —
1731 2977 1761 3027 id
1779 2981 1817 3027 est

643 3045 744 3095 orn.l¹'.
898 3046 923 3091 7.
958 3041 1456 3107 beaeltl.—efficietarod-bl'l.
1476 3069 1502 3080 -
1527 3037 1613 3111 κύβος
1630 3043 1730 3110 gelra.
1766 3061 1816 3095 cu-

643 3114 697 3162 bos
720 3113 742 3162 B
764 3109 800 3170 (0
817 3125 833 3158 a
852 3126 878 3173 p.
898 3112 948 3167 ιιι.)
966 3107 1029 3157 lilla
1047 3108 1174 3175 „optimo
1194 3110 1377 3160 rnembrana⁴‘
1395 3109 1479 3159 Gran.
1500 3109 1534 3158 ad
1552 3112 1578 3170 l,
1597 3113 1626 3171 tr,
1644 3114 1670 3160 9.
1727 3112 1818 3176 cybus

644 3179 720 3229 aab.
756 3178 854 3228 cubus
872 3173 1067 3228 FSv-hs-blo.
1219 3182 1245 3228 8.
1281 3176 1332 3228 His
1350 3182 1425 3243 (sup.
1443 3175 1505 3228 add.
1523 3183 1616 3247 ergo)
1635 3175 1714 3227 0.-
1732 3177 1818 3245 quad

644 3248 711 3297 sicut
735 3246 763 3294 0.
789 3271 821 3280 ·-
845 3260 953 3311 corpora
976 3244 1044 3301 tacit
1067 3243 1118 3293 02.
1141 3269 1177 3279 -
1199 3262 1253 3296 non
1274 3260 1329 3295 erse
1351 3244 1449 3295 dieitur
1468 3242 1499 3293 0.
1651 3249 1675 3294 9.
1713 3246 1818 3295 Primus

646 3315 728 3364 enim
747 3311 861 3378 R2ng.
880 3338 915 3350 -·
941 3328 1064 3361 nummus
1082 3326 1138 3360 om.
1154 3309 1187 3360 B.
1210 3339 1235 3350 -
1261 3312 1486 3363 determinatione
1505 3308 1561 3361 Βο.
1583 3336 1616 3347 -
1639 3312 1700 3361 duc
1716 3327 1770 3361 om.
1786 3310 1816 3362 0.

645 3384 678 3432 in
696 3382 747 3431 dno
771 3380 824 3429 112.
850 3404 881 3415 -
906 3379 992 3446 longe
1014 3380 1127 3443 lateque
1148 3382 1223 3446 (snp.
1242 3384 1271 3440 o)
1295 3378 1327 3428 F.
1482 3382 1522 3427 10.
1558 3377 1674 3429 diximus
1699 3379 1767 3430 duas
1784 3380 1818 3431 li-

645 3466 709 3500 neas
731 3449 781 3498 aa.
807 3472 840 3482 -
868 3446 1047 3513 superpositas
1067 3461 1121 3496 om.
1139 3444 1173 3497 Β.
1224 3445 1405 3515 ruperpesitis
1429 3443 1461 3495 F.
1492 3472 1520 3481 -
1550 3460 1703 3511 procreare
1724 3446 1756 3497 F.
1783 3474 1819 3485 —

681 3601 707 3649 6.
744 3598 821 3648 llane
849 3597 945 3648 lineam
972 3597 995 3647 si
1019 3596 1208 3666 geminaveris]
1258 3614 1282 3648 c.
1301 3599 1347 3659 14,
1370 3595 1443 3662 §24
1482 3595 1638 3648 Martianus
1655 3597 1706 3663 vl,
1727 3598 1820 3664 9707.

646 3667 705 3719 Νοιι
727 3666 848 3727 duabus,
867 3665 915 3716 sed
935 3664 1025 3716 tribus
1045 3666 1208 3731 pluribusve
1258 3664 1449 3717 Geonretriam
1468 3665 1539 3717 terit
1557 3665 1708 3717 dicentem:
1743 3667 1820 3732 Quod

646 3736 731 3787 lineis
748 3733 854 3784 includi
870 3731 1047 3798 superficiem
1066 3743 1141 3787 recte
1160 3735 1209 3785 do·
1258 3734 1364 3802 peridem
1412 3734 1590 3801 incorporeum
1638 3734 1823 3803 invisibilequa

648 3803 871 3865 cetlllacrobino¹
889 3802 915 3864 1,
940 3805 970 3865 5,
998 3807 1022 3853 8.
1068 3803 1209 3854 flooloce
1256 3802 1432 3871 primordium
1471 3818 1605 3854 commune
1651 3804 1716 3853 milti
1761 3819 1819 3855 cum

648 3873 760 3923 videtur
774 3870 916 3938 cogitasse
933 3870 966 3920 do
982 3870 1111 3936 quadrati
1126 3871 1210 3923 lineis
1261 3868 1434 3924 Aritbmetica
1447 3871 1584 3938 reperitur.
1622 3871 1691 3921 Nam
1709 3888 1821 3923 monas

649 3942 757 3991 duabus
784 3957 815 3989 ex
843 3941 961 3990 adverso
993 3939 1108 4004 positis,
1143 3942 1210 4005 quia
1259 3937 1375 3989 eiusdem
1393 3938 1542 3990 insecabilis
1560 3940 1707 4006 procreatio
1728 3955 1820 3990 nune·

649 4008 785 4059 subiecit:
821 4007 928 4074 punctis
962 4016 1050 4057 autem
1084 4017 1210 4076 quattuor
1259 4014 1418 4069 recurrent,
1454 4005 1568 4073 miliique
1586 3998 1822 4074 signumoooatur

650 4077 806 4127 continetur.
843 4073 936 4126 Simili
957 4077 1038 4125 niodo
1056 4073 1148 4126 addit:
1179 4075 1210 4125 Si
1260 4073 1330 4142 quod
1352 4081 1443 4139 utpote
1464 4073 1723 4140 incomprehensibile
1742 4081 1823 4140 parte

650 4160 711 4193 vero
733 4143 783 4192 hae
812 4143 897 4193 duoc
923 4142 1010 4193 lineae
1025 4144 1130 4207 fuerint
1159 4144 1209 4193 du·
1259 4141 1337 4191 nulla
1357 4141 1522 4191 discernitur.
1547 4167 1580 4176 -
1604 4139 1716 4189 Similia
1735 4141 1822 4190 habet

649 4211 766 4277 plicatae
784 4215 852 4273 ete,
870 4225 932 4258 nam
953 4226 1051 4261 revera
1069 4226 1121 4260 non
1141 4210 1210 4260 duae
1260 4208 1298 4259 ib.
1316 4207 1379 4267 vll,
1403 4205 1416 4271 5
1436 4209 1495 4257 746.
1533 4207 1565 4257 Si
1587 4206 1740 4257 numidem
1758 4223 1821 4257 essa

651 4278 699 4328 sod
723 4285 847 4343 quattuor
868 4275 960 4326 lineae
982 4286 1047 4328 sunt
1065 4277 1211 4344 geminen·
1261 4275 1333 4340 quod
1348 4281 1472 4342 punctum
1488 4273 1573 4338 ipser
1596 4275 1727 4325 acrobius
1739 4274 1822 4325 docet

652 4348 717 4406 dae,
753 4343 830 4394 etin
855 4344 1211 4411 angulisqnattnornliis
1260 4343 1340 4405 l,16,
1357 4342 1528 4404 10.etlt‚5,
1544 4346 1583 4392 10.
1620 4342 1682 4393 Huc
1700 4343 1823 4408 pertinet

651 4412 736 4464 lineis
758 4417 820 4461 octo
848 4409 917 4461 illuc
941 4410 1014 4463 inter
1038 4430 1068 4463 se
1091 4412 1210 4482 iungen·
1261 4412 1345 4463 etiem
1361 4409 1432 4476 qnod
1450 4408 1624 4475 Pythagorei
1642 4411 1736 4460 mnndi
1758 4427 1823 4461 oen-

652 4483 718 4541 dae,
753 4486 782 4530 nt
806 4479 855 4529 fiat
876 4478 997 4530 solidum
1025 4497 1135 4546 corpus.
1173 4480 1212 4530 Ut
1261 4486 1335 4530 trum
1353 4493 1415 4527 esse
1433 4476 1564 4528 dixerunt
1580 4473 1632 4544 τὴν
1647 4472 1767 4544 μονάδα,
1785 4479 1825 4529 cl.

651 4556 782 4616 punctum
815 4553 987 4613 protractum
1020 4549 1047 4612 [ᾗ
1071 4552 1110 4609 5.)
1142 4547 1212 4599 dicit
1260 4548 1337 4598 Plut.
1356 4544 1437 4596 Num.
1458 4562 1481 4595 c.
1501 4550 1540 4597 ll.

652 4617 767 4688 elbcere
787 4616 902 4676 lincam,
931 4616 970 4667 ita
991 4623 1101 4680 poterat
1120 4615 1215 4666 dicere
1296 4630 1388 4666 monas
1407 4647 1430 4661 ..
1451 4614 1528 4681 origo
1545 4613 1721 4681 nummorum]
1740 4612 1781 4665 cl.
1799 4613 1823 4676 l,

652 4688 755 4736 lineam
786 4690 942 4749 promotam
973 4683 1001 4735 in
1035 4683 1211 4735 latitudinem
1263 4685 1294 4744 6,
1319 4688 1344 4733 7.
1387 4680 1517 4732 Martiam
1543 4682 1573 4731 ll.
1599 4697 1639 4732 ce.
1662 4687 1691 4734 et
1715 4681 1777 4744 vn,
1808 4681 1823 4747 5

652 4751 825 4819 longitudini
844 4768 912 4803 suae
935 4753 1081 4817 aequalem
1101 4749 1216 4804 elfieera
1264 4753 1325 4801 743.
1349 4748 1480 4800 Numerus
1503 4756 1541 4800 est
1567 4750 1740 4819 congregatio
1767 4767 1823 4801 mo-

653 4824 833 4889 quadratum,
869 4828 897 4870 et
914 4823 1080 4883 qrradratum
1101 4821 1128 4870 in
1149 4819 1215 4872 alti·
1264 4817 1636 4883 nodum,et§rta.m0nos
1689 4819 1760 4869 idem
1772 4835 1825 4869 aa·

654 4890 777 4942 tudinem
807 4888 978 4955 longitudini
1011 4894 1038 4939 et
1070 4887 1214 4940 latitudini
1264 4902 1420 4937 mmuenon
1439 4892 1485 4936 cst.
1526 4881 1630 4936 Plotia.
1669 4887 1710 4949 ll,
1736 4890 1767 4947 8,
1798 4901 1825 4947 p.

653 4959 798 5026 aequalem
827 4968 985 5023 promotum
1015 4955 1129 5009 efficere
1157 4962 1215 5008 tes·
1264 4958 1317 5006 300
1334 4951 1363 5003 0.
1388 4945 1514 5018 ἀριθμοῦ
1538 4948 1568 5004 δὲ
1587 4947 1659 5020 ἀρχὴ
1680 4986 1705 5004 ..
1726 4948 1759 5003 τὸ
1778 4948 1826 5004 οὔ·

654 5042 755 5077 seram.
1265 5039 1319 5081 τως
1335 5015 1372 5072 i'v.
1406 5020 1488 5071 haur.
1506 5020 1826 5089 hyd.ll,a(2p.14.).

688 5099 713 5144 7.
749 5101 805 5145 octo
824 5091 943 5160 angulis]
970 5090 1031 5141 Vid.
1056 5097 1110 5144 not.
1133 5092 1166 5141 ad
1191 5090 1214 5154 l,
1298 5093 1323 5139 9.
1362 5088 1466 5140 Primus
1480 5105 1545 5158 ergo
1560 5106 1684 5142 numerus
1700 5088 1763 5152 etc]
1782 5087 1825 5138 Gi.

655 5166 685 5224 5,
704 5166 759 5223 Ῑθι.
778 5160 839 5220 ubi,
860 5166 891 5210 ¹¹t
907 5160 935 5209 h·
954 5158 988 5223 l·‚
1007 5160 1113 5229 legitur·
1129 5159 1214 5211 etium
1265 5156 1397 5209 Martiae.
1419 5156 1450 5206 ll.
1469 5174 1508 5207 ec.

656 5236 755 5281 tessera
772 5244 840 5295 puae
856 5223 940 5294 aridos
956 5236 1074 5280 vocatur.
1301 5227 1343 5275 10.
1378 5224 1492 5275 solidam
1511 5223 1614 5291 eorpus]
1640 5222 1685 5275 Gi.
1704 5222 1731 5288 1,
1749 5225 1781 5287 ⁶,
1800 5226 1826 5274 9.

690 5301 716 5346 8.
752 5313 844 5350 monas
868 5302 995 5365 punctam
1020 5296 1141 5365 putatur]
1172 5294 1215 5347 cl.
1266 5296 1295 5345 et
1313 5291 1446 5346 Martium.
1467 5290 1529 5357 tn,
1551 5292 1640 5351 titt).
