5092 6425
1174 881 1312 950 mnan
1332 883 1372 948 11.
1807 912 1882 956 m,

656 1054 795 1108 oriundus.
834 1052 997 1107 Macrobius
1023 1070 1088 1106 enm
1117 1059 1149 1106 nt
1173 1052 1343 1123 Aegyptium
1373 1053 1445 1107 iacit
1473 1060 1654 1122 quaerentem
1680 1058 1715 1109 do
1738 1058 1777 1111 iis
1799 1061 1883 1114 rebus

656 1157 730 1208 quae
750 1139 888 1193 Romanis
904 1140 1035 1193 omnibus
1052 1145 1141 1193 notae
1153 1143 1227 1204 sint,
1256 1147 1288 1192 ut
1314 1141 1353 1205 (i,
1374 1143 1531 1208 t‚14sq.)
1554 1140 1589 1194 de
1612 1141 1749 1210 Saturno,
1779 1146 1820 1211 (Ι,
1841 1151 1883 1212 ib,

659 1231 673 1278 l
692 1226 764 1293 sqq.)
785 1225 822 1276 de
840 1225 979 1278 Keisndis
995 1225 1083 1277 Nonis
1101 1225 1211 1289 idibus,
1232 1226 1367 1294 deniqne,
1386 1232 1416 1279 ut
1432 1226 1632 1295 philosopham
1647 1229 1792 1298 Cynicum,
1811 1233 1882 1297 (vn,

654 1303 704 1377 id,
722 1313 777 1378 li.)
798 1312 833 1363 de
854 1311 976 1364 iuvanda
999 1317 1086 1363 veste.
1121 1311 1233 1363 Dicitur
1253 1319 1348 1364 antem
1369 1311 1553 1393 ismiiia'riter
1574 1315 1754 1382 ircqnentare
1782 1321 1883 1372 soiitus

659 1416 723 1454 esse
744 1398 881 1452 Anienem
906 1396 946 1462 (i,
964 1403 994 1460 7,
1016 1399 1079 1464 13.).
1114 1397 1247 1450 Fortasse
1265 1396 1340 1449 idem
1359 1406 1403 1450 est
1421 1404 1504 1464 atque
1530 1399 1610 1465 Orus,
1634 1402 1805 1472 pbilosopisus
1828 1405 1883 1459 ritu

660 1493 740 1552 utque
758 1485 907 1537 eruditione
919 1484 1088 1551 proecipuus,
1108 1484 1181 1550 apud
1194 1483 1396 1551 Symmachum
1414 1483 1638 1552 tib.11.ep.ee.,
1658 1487 1704 1541 nbi
1723 1491 1836 1557 quidem
1854 1493 1882 1556 ip

658 1571 725 1624 aiiis
743 1570 956 1637 exemplaribus
975 1586 1024 1636 pro
1048 1569 1100 1620 Oro
1118 1569 1225 1636 iegitur
1243 1571 1307 1621 Ere.

727 1675 766 1708 m.
800 1656 1017 1724 Evangeius‚
1034 1654 1081 1706 ubi
1102 1654 1163 1706 eius
1179 1661 1208 1706 et
1227 1654 1332 1707 Disarii
1350 1653 1497 1707 nuntiatur
1513 1655 1650 1710 adventus
1668 1657 1703 1723 (i,
1721 1664 1747 1723 1,
1767 1663 1819 1727 1.),
1840 1663 1883 1716 di-

659 1743 733 1797 citur
750 1745 842 1796 inisse
865 1742 1034 1796 amarulenta
1050 1741 1192 1793 dicacitate
1207 1748 1232 1793 et
1249 1740 1348 1811 liugas
1363 1749 1485 1810 proterve
1500 1743 1631 1810 mordaci,
1647 1761 1748 1813 procos
1765 1755 1791 1801 et
1808 1766 1883 1802 seeu-

657 1849 704 1884 ros
725 1833 901 1899 offensarum,
928 1844 994 1894 puae
1016 1827 1074 1878 siae
1091 1827 1192 1878 delectu
1208 1827 1266 1878 cori
1284 1828 1326 1878 oel
1340 1846 1394 1879 sors
1411 1828 1491 1879 amici
1507 1829 1536 1880 ia
1554 1846 1581 1880 se
1599 1833 1699 1898 passim
1718 1835 1804 1886 uerbis
1821 1837 1884 1888 odio

659 1918 805 1970 serentibus
817 1922 983 1984 provocaret.
1017 1912 1096 1964 Solet
1114 1911 1245 1964 esviiinri
1266 1929 1299 1964 on
1316 1929 1387 1979 quae
1408 1913 1496 1965 ceteri
1521 1914 1629 1978 dicent,
1660 1926 1692 1970 ut
1712 1920 1752 1985 (1,
1772 1925 1800 1973 11
1809 1960 1817 1987 ,
1838 1925 1883 1985 1.),

661 2002 710 2053 nbi
729 2000 757 2055 ei
781 2000 933 2069 respondet
949 2002 1161 2052 Praetextatus:
1197 2000 1412 2066 Superstitionem
1430 2016 1483 2061 rae,
1515 2001 1670 2069 Euangeie,
1698 2039 1728 2055 ..
1753 2009 1885 2061 existimes

660 2089 736 2154 noio,
751 2089 806 2140 aiei
821 2094 885 2151 cct·‚
901 2092 931 2138 et
946 2085 974 2150 1,
989 2088 1033 2150 24,
1049 2088 1068 2135 2
1083 2102 1158 2152 sqq„
1176 2084 1223 2137 ubi
1241 2101 1304 2137 cum
1320 2085 1378 2137 siin
1396 2085 1466 2137 dicit
1488 2091 1547 2138 tum
1568 2087 1655 2139 haec:
1680 2091 1734 2142 aiei
1747 2094 1836 2158 forte,
1854 2103 1884 2147 ut

665 2175 764 2227 Graeci
781 2174 870 2226 osiaia
881 2189 932 2224 suo
950 2172 977 2222 in
993 2171 1138 2222 inmensura
1156 2170 1261 2233 tollunt,
1273 2187 1322 2222 rsos
1334 2188 1435 2238 puopue
1449 2172 1530 2223 etiam
1540 2181 1634 2239 poetas
1647 2183 1750 2228 nostros
1764 2180 1885 2232 uolumus

661 2256 936 2328 philosopharinam
952 2256 1253 2324 apparetbiacrobinm
1267 2257 1392 2309 soluisse
1404 2273 1467 2309 eam
1480 2255 1579 2308 haberi
1597 2275 1646 2325 pro
1656 2260 1790 2327 Romano,
1800 2281 1884 2330 quum

666 2352 762 2397 tamen
790 2361 885 2396 nones
905 2343 1011 2395 habeut
1027 2340 1177 2394 Graecam.
1212 2340 1400 2407 Quamobrem
1425 2341 1583 2394 verisimile
1608 2350 1653 2394 cst
1675 2347 1710 2397 sd
1732 2342 1886 2416 εὐαγγέλιον

665 2434 839 2498 spectantem
861 2446 924 2481 enm
949 2428 1003 2480 hoc
1024 2428 1136 2480 nomine
1161 2427 1296 2480 inducere
1321 2426 1462 2479 bominem
1482 2427 1675 2482 Christianum
1693 2448 1763 2484 suae
1780 2434 1886 2487 doctri·

662 2533 719 2568 nse
737 2514 880 2567 inimicum
899 2521 983 2583 atque
999 2515 1172 2567 iiiudentem.

730 2601 852 2653 Restant
868 2600 891 2652 ii
908 2618 923 2653 e
942 2601 1043 2668 quibus
1061 2600 1135 2652 sites
1150 2599 1235 2651 nitori
1254 2598 1373 2667 fingitur
1392 2599 1486 2653 omnia
1506 2601 1578 2653 haec
1596 2603 1739 2671 colloquia
1755 2622 1885 2659 narransr

731 2704 760 2739 ιι.
794 2688 1045 2741 Postumianae
1060 2686 1164 2737 dieitur
1180 2685 1221 2751 (i,
1236 2689 1262 2751 2,
1282 2688 1316 2750 §§
1336 2689 1367 2752 l,
1385 2690 1412 2752 ³,
1430 2689 1471 2754 6.)
1489 2688 1596 2740 nuliam
1619 2689 1679 2741 iere
1698 2690 1885 2745 intermittere

662 2773 778 2836 boram,
796 2773 861 2841 puin
882 2772 1005 2826 clientum
1021 2773 1133 2841 negotio
1148 2772 1335 2839 oeldefesrdet
1350 2773 1378 2824 ia
1400 2776 1462 2837 foro
1477 2774 1520 2825 osi
1539 2774 1611 2825 domi
1629 2776 1728 2840 discat,
1750 2784 1779 2829 et
1804 2779 1840 2845 (i,
1857 2782 1885 2842 Ξ,

662 2864 690 2926 e,
707 2865 736 2911 et
753 2858 777 2924 1,
798 2862 824 2923 6,
837 2859 876 2924 2)
902 2860 1052 2926 respondet
1069 2859 1250 2911 Praetextato
1274 2858 1309 2910 ad
1335 2874 1449 2911 coenam
1471 2875 1535 2910 eum
1556 2859 1706 2912 invitantis
1728 2865 1886 2930 meditandi,

661 2944 838 3007 corrodendi,
858 2945 1108 3012 edissertatam,
1128 2960 1212 3010 qaam
1230 2944 1265 2995 ob
1287 2960 1346 2995 rem
1363 2944 1503 2997 Eusebius
1521 2944 1582 2996 eius
1601 2946 1664 2997 ioco
1683 2947 1815 3000 invitatas
1834 2954 1885 3002 cst.

662 3032 818 3084 Praeterea
837 3028 910 3082 nihii
928 3029 963 3082 do
979 3046 1012 3082 eo
1028 3029 1148 3081 sciolum
1165 3033 1217 3080 est.

732 3134 758 3168 o.
794 3115 922 3169 Decius
938 3114 1064 3182 aiioquie
1081 3115 1196 3184 ignotus
1213 3115 1283 3182 (iffi,
1294 3115 1331 3180 3.)
1349 3114 1455 3180 dibini,
1475 3122 1506 3171 ut
1525 3116 1639 3170 videtur
1650 3116 1799 3182 Caecinae,
1814 3118 1887 3171 diei·

663 3214 712 3260 iar
730 3202 818 3256 iilius.

733 3294 761 3341 5.
797 3288 987 3341 Transeamus
1006 3286 1041 3338 ed
1061 3287 1154 3355 operis
1174 3287 1386 3342 divisionem
1405 3287 1439 3339 in
1459 3289 1584 3342 libros.

735 3392 761 3428 a.
795 3374 922 3426 Vidimus
941 3389 1026 3439 sopra
1048 3374 1076 3439 (ᾗ
1093 3373 1135 3438 2.)
1159 3373 1333 3425 Macrobinm
1352 3374 1445 3440 ipsum
1465 3391 1515 3440 per
1533 3379 1591 3425 tres
1609 3373 1669 3424 dics
1687 3370 1829 3436 euiioquin
1847 3370 1888 3425 ite

665 3462 812 3525 divisisse,
828 3464 860 3511 ut
873 3448 939 3511 au'te
954 3474 1067 3509 coenam
1084 3457 1226 3526 graviora,
1243 3464 1308 3524 post
1323 3474 1437 3510 coenam
1457 3459 1565 3511 leviora
1583 3457 1682 3509 babile
1700 3472 1764 3508 esse
1781 3461 1888 3509 statne-

667 3549 714 3602 sit
739 3548 863 3613 Eiusque
879 3543 1029 3596 divisionis
1041 3544 1166 3612 vestigia
1182 3543 1336 3598 exstantia
1355 3543 1499 3595 veteribus
1515 3542 1597 3595 iibris
1612 3559 1695 3596 mann
1707 3542 1823 3610 scriptis
1834 3547 1886 3599 ¹⁰).

666 3634 849 3703 Singulorum
868 3631 976 3684 dierum
996 3629 1136 3696 coiioquin
1159 3646 1257 3681 rursus
1276 3629 1304 3681 in
1325 3630 1413 3682 iibros
1429 3630 1519 3682 inisse
1537 3629 1572 3681 ab
1590 3630 1652 3696 ipso
1667 3634 1780 3682 auctore
1795 3629 1889 3681 divisa

665 3737 721 3773 nos
741 3716 922 3787 aegnmim,
945 3716 1072 3782 quamvis
1091 3721 1168 3768 ccrts
1186 3715 1308 3768 cinerei
1326 3734 1379 3768 non
1399 3716 1554 3769 invenerim
1576 3715 1681 3769 indicia
1697 3719 1747 3783 80).
1777 3717 1888 3769 Mature

666 3804 862 3860 distinctiones
881 3802 909 3855 in
928 3802 1124 3854 iibrosiactns
1142 3819 1218 3867 esse,
1248 3803 1297 3855 sed
1317 3802 1426 3867 series,
1451 3806 1544 3855 eiocct
1562 3820 1577 3855 e
1597 3804 1788 3871 compluribus
1812 3804 1888 3855 codi-

667 3892 748 3944 eibas
768 3890 825 3955 ⁸¹):
860 3888 963 3941 divisio
984 3887 1013 3940 ia
1036 3892 1144 3955 septem
1169 3888 1273 3953 iibros,
1301 3905 1374 3955 quae
1402 3903 1474 3941 nunc
1501 3889 1529 3941 in
1560 3890 1688 3941 omnibus
1717 3890 1888 3941 editionibus

737 4045 783 4102 ¹⁹)
802 4042 907 4094 Primus
927 4042 983 4093 dies
1001 4045 1236 4092 commemoratur
1253 4040 1283 4094 in
1298 4040 1366 4093 iibri
1381 4039 1403 4091 i.
1421 4039 1561 4107 principio
1582 4038 1610 4090 in
1628 4040 1773 4092 codicibus
1792 4040 1889 4092 aaa?

666 4108 869 4173 metretum,
899 4116 927 4160 et
950 4109 978 4160 in
998 4109 1065 4160 iibri
1085 4110 1121 4160 ii·
1143 4108 1199 4160 fine
1218 4108 1247 4160 in
1268 4109 1348 4160 codd.
1366 4108 1545 4159 ABGM13P2
1567 4106 1611 4167 (in
1629 4108 1668 4158 Po
1684 4108 1792 4174 iegitur
1808 4110 1891 4177 primi

668 4181 723 4232 diei
738 4185 762 4230 et
780 4178 910 4238 secundi).
945 4177 977 4229 in
994 4177 1060 4228 iibri
1079 4177 1130 4228 ΙΙΙ.
1149 4176 1290 4244 principie
1312 4175 1423 4227 codices
1442 4193 1538 4227 omnes
1556 4182 1620 4225 sunt
1641 4174 1747 4224 mutili:
1767 4175 1794 4225 in
1815 4176 1890 4226 eius-

667 4249 732 4299 dem
750 4244 818 4297 iibri
835 4244 890 4297 iine
908 4251 1143 4296 commemoratur
1160 4247 1290 4297 secundus
1306 4246 1362 4296 dies
1383 4242 1411 4293 in
1432 4244 1512 4294 codd.
1536 4242 1647 4294 Museo.
1698 4240 1728 4291 in
1750 4242 1890 4309 principio

667 4314 736 4378 nitri
754 4312 798 4368 lii.
817 4319 928 4371 codiee.
946 4330 1043 4367 omnes
1060 4320 1126 4365 sunt
1141 4313 1244 4365 mutiii.
1296 4314 1328 4365 in
1345 4312 1485 4379 principio
1501 4312 1568 4363 iibri
1587 4311 1617 4361 V.
1635 4310 1727 4362 tertius
1744 4311 1801 4361 dics
1815 4326 1889 4362 com-

669 4389 884 4445 memoratoria
903 4387 964 4439 snio
980 4386 1039 4437 eod.
1057 4385 1112 4445 1²63
1136 4385 1186 4436 sed
1206 4383 1234 4435 in
1255 4382 1323 4434 iibri
1340 4381 1399 4433 Vii.
1417 4382 1472 4433 fine
1490 4382 1518 4433 in
1535 4381 1613 4432 codd.
1632 4378 1780 4430 antiret.

742 4454 785 4515 ³⁰)
802 4455 857 4509 Ubi
877 4455 938 4507 dies
955 4462 983 4506 et
1002 4454 1067 4506 iibri
1086 4453 1171 4505 simui
1190 4457 1459 4511 commemorantur,
1485 4450 1621 4502 librorum
1638 4448 1725 4499 iidem
1744 4446 1891 4499 inveniun-

668 4533 717 4579 tur
732 4523 850 4588 numeri,
865 4523 914 4591 qui
930 4541 1003 4575 nunc
1019 4524 1152 4590 leguntur
1169 4520 1196 4571 in
1213 4518 1395 4571 editionibus.
1431 4519 1548 4574 Praeter
1565 4516 1689 4567 codicem
1707 4514 1755 4573 Pe,
1775 4516 1822 4582 qui
1840 4515 1893 4568 ira-

667 4598 718 4649 bet
738 4591 766 4644 in
783 4590 840 4643 fine
859 4591 925 4644 iibri
943 4591 996 4642 lt:
1011 4591 1092 4657 primi
1108 4590 1162 4641 diei
1179 4596 1204 4641 cl
1222 4588 1330 4639 secundi
1345 4587 1409 4637 liber
1427 4586 1462 4635 11.
1479 4586 1596 4653 capucii,
1621 4583 1648 4635 in
1667 4583 1722 4633 fine
1740 4582 1808 4633 iibri
1826 4582 1890 4634 iii-e

668 4662 779 4717 secundi
794 4662 849 4713 dici
866 4660 974 4727 espiicit
992 4661 1057 4710 liber
1077 4659 1144 4719 iii.‚
1180 4662 1209 4707 et
1231 4654 1258 4706 is
1281 4655 1374 4705 ironte
1395 4652 1461 4703 iibri
1483 4653 1530 4703 ii:
1556 4653 1621 4703 liber
1642 4654 1672 4703 V.
1690 4651 1805 4703 convivii
1820 4651 1893 4702 tertii

668 4733 737 4792 dici,
756 4729 863 4797 iegitur
881 4733 988 4781 tantum
1006 4726 1034 4778 in
1053 4723 1193 4792 principio
1211 4722 1279 4774 iibri
1296 4722 1318 4773 i.
1337 4721 1365 4774 in
1384 4721 1421 4772 Pr
1437 4721 1520 4789 primi
1536 4722 1590 4773 dici
1606 4721 1671 4772 liber
1689 4720 1726 4783 1.‚
1746 4724 1775 4770 et
1789 4717 1817 4769 ia
1836 4717 1892 4771 fise

667 4800 736 4853 iibri
753 4797 791 4849 ii.
809 4797 838 4848 in
857 4796 915 4847 bil:
936 4796 1018 4863 primi
1035 4794 1090 4845 diei
1109 4792 1226 4843 liberii.
1246 4791 1362 4857 explicit.

739 4870 785 4926 Η)
801 4864 918 4917 Praeter
936 4863 1060 4914 codicem
1080 4861 1131 4918 Po.
1151 4858 1198 4925 qui
1216 4858 1245 4910 in
1263 4859 1399 4910 librorum
1408 4854 1542 4908 ,numeris
1561 4854 1701 4907 consentit
1717 4869 1779 4905 enm
1798 4869 1893 4903 exem·

666 4934 799 5003 piaribus
814 4931 891 4999 typis
909 4930 1003 4993 editis,
1021 4929 1094 4980 iiber
1111 4928 1168 4978 iili.
1193 4926 1386 4978 tantummodo
1406 4929 1642 4975 commemoratur
1659 4922 1687 4973 in
1708 4921 1769 4972 cod.
1786 4920 1893 4972 Borbo-

667 5003 725 5055 nici
742 5000 892 5063 ccccm,
917 4998 965 5065 qui
985 5003 1027 5048 cst
1046 4996 1212 5047 chartaceus
1230 5012 1287 5046 sec.
1304 4995 1375 5057 XV„
1400 4992 1621 5058 subscriptione:
1656 4989 1801 5055 „Explicit
1819 4988 1894 5039 iiber

668 5070 808 5138 septimus
826 5066 967 5119 Macrobii
986 5063 1142 5115 Theodosii
1161 5062 1374 5122 conviviorum,
1397 5060 1474 5120 finit,
1504 5060 1552 5110 sed
1570 5076 1624 5110 non
1641 5058 1708 5109 iinis
1727 5061 1770 5106 est
1788 5056 1893 5136 operis,

669 5145 701 5193 ni
718 5139 747 5191 in
765 5139 959 5205 promptuest
976 5148 1131 5200 agnoscere
1153 5130 1290 5182 veienti.“
1340 5128 1372 5180 ln
1396 5127 1479 5179 libris
1496 5127 1571 5196 i-iii
1593 5142 1689 5177 omncs
1708 5122 1835 5186 codices,
1863 5139 1892 5173 ru

668 5208 772 5276 quibus
788 5210 974 5264 numerantur
989 5200 1066 5263 iibri,
1083 5203 1240 5265 congruunt
1257 5215 1320 5249 cnm
1337 5194 1509 5247 editionibus
1528 5200 1641 5260 practer
1653 5191 1778 5269 codicem
1797 5189 1829 5266 P,
1845 5187 1894 5253 qai

671 5275 783 5336 (seculo
802 5271 865 5336 XL,
887 5268 1062 5330 dividetur,
1085 5266 1222 5333 scriptus)
1240 5264 1328 5317 habet
1345 5264 1374 5314 in
1393 5263 1449 5313 iise
1467 5261 1534 5313 iibri
1550 5260 1617 5311 libr
1658 5257 1774 5322 Explicet
1792 5254 1838 5332 lsi.
1857 5256 1894 5335 ii.

674 5341 900 5398 Saturnalium.
917 5337 1018 5405 incipit
1034 5336 1127 5402 tertius
1144 5334 1177 5389 de
1193 5335 1277 5389 laude
1296 5332 1417 5403 Virgilii.
1449 5330 1533 5383 idem
1549 5328 1584 5382 iu
1594 5325 1671 5380 iibri
1681 5324 1749 5375 itt.
1763 5319 1912 5388 perempte
