5092 6425
734 865 778 932 90
1214 860 1423 929 Mnunouu

735 1043 802 1102 tum
825 1035 907 1100 enim
930 1037 961 1096 et
980 1029 1134 1116 octoginta
1156 1030 1271 1096 stadios
1295 1053 1357 1096 non
1382 1031 1502 1096 excedit
1524 1031 1603 1095 acics
1626 1037 1733 1097 contra
1755 1034 1902 1100 ridentis:

685 1121 789 1202 [aoned
812 1121 910 1197 visus,
934 1139 1002 1183 cum
1024 1117 1062 1182 ad
1084 1116 1142 1180 hoc
1165 1117 1296 1202 spatium
1320 1118 1452 1194 venerit,
1482 1138 1604 1181 accessu
1626 1118 1772 1183 deficiens
1800 1121 1831 1184 in
1852 1143 1902 1185 ro·

736 1205 917 1272 tunditatem
938 1201 1125 1268 recurrendo
1138 1199 1306 1268 curvatur:
1328 1210 1421 1286 atque
1444 1203 1485 1266 ita
1508 1202 1550 1279 fit,
1567 1210 1603 1266 ut
1624 1203 1673 1267 hic
1695 1226 1842 1270 numerus
1863 1227 1902 1269 cx

733 1300 865 1376 utraque
898 1299 984 1374 parte
1014 1287 1185 1373 geminatus
1212 1295 1421 1352 trecentorum
1449 1288 1606 1371 sexaginta
1634 1289 1804 1354 stadiorum
1833 1313 1901 1376 spa-

733 1377 811 1442 tium
833 1375 916 1462 quod
937 1375 1017 1439 intra
1039 1372 1229 1438 horizontem
1250 1393 1341 1438 suum
1365 1373 1541 1438 continetur
1562 1373 1687 1438 efficiat:
1708 1397 1901 1461 semperque,

733 1469 883 1547 quantum
903 1482 942 1524 ex
964 1459 1056 1523 huius
1075 1458 1164 1543 spatii
1182 1466 1267 1543 parte
1289 1467 1411 1543 postera
1433 1457 1626 1543 procedendo
1649 1459 1811 1538 dimiseris,
1833 1473 1900 1526 tan-

732 1555 798 1611 tum
821 1546 877 1610 tihi
898 1545 936 1610 de
958 1544 1111 1609 anteriore
1133 1551 1286 1609 sumetur:
1325 1551 1357 1607 et
1375 1544 1444 1608 ideo
1467 1544 1594 1607 horizon
1621 1565 1743 1630 semper
1770 1557 1900 1630 quanta-

683 1641 864 1718 locumque
884 1629 1022 1696 locorum
1042 1629 1285 1713 transgressione
1305 1636 1461 1694 mutatur,
1494 1631 1585 1693 Hunc
1607 1637 1720 1709 autem,
1741 1652 1832 1716 quem
1855 1633 1901 1696 di·

731 1719 848 1793 ximus,
869 1716 1002 1780 admittit
1023 1722 1179 1800 aspectum
1203 1722 1256 1779 aut
1278 1715 1422 1778 interris
1443 1734 1541 1799 aequa
1564 1714 1705 1798 planities
1723 1725 1777 1781 aut
1798 1718 1898 1802 pelagi

731 1801 896 1887 tranquilla
926 1801 1065 1875 libertas,
1097 1820 1158 1884 qua
1185 1799 1300 1863 nullam
1329 1800 1425 1864 oculis
1453 1799 1547 1863 obicit
1575 1801 1733 1865 offensam.
1774 1804 1838 1868 Nec
1866 1812 1898 1867 tc

730 1893 866 1963 moveat,
886 1884 967 1971 quod
989 1905 1079 1969 saepe
1102 1885 1132 1949 in
1155 1884 1334 1968 longissimo
1357 1885 1492 1970 positum
1512 1893 1649 1949 montem
1669 1887 1821 1965 videmuS,
1845 1897 1899 1953 aut

731 1971 813 2069 quod
836 1971 901 2056 ipsa
922 1971 998 2035 caeli
1018 1990 1150 2053 superna
1172 1969 1371 2054 suspicimus:
1393 1969 1474 2033 aliud
1500 1979 1547 2033 est
1566 1971 1658 2048 enim,
1679 1993 1748 2036 cum
1770 1994 1803 2037 se
1825 1994 1897 2038 ocu-

730 2057 768 2121 hs
791 2056 903 2140 ingerit
921 2055 1066 2128 altitudc;
1099 2055 1197 2130 aliud,
1221 2076 1291 2119 cum
1315 2077 1370 2140 per
1387 2055 1515 2152 plantrm
1536 2076 1568 2119 se
1589 2057 1718 2141 porrigit
1740 2065 1771 2121 et
1790 2067 1897 2122 erten-

731 2142 776 2205 dit
798 2141 937 2219 intuitus,
960 2141 991 2204 in
1012 2160 1075 2225 quo
1096 2141 1162 2205 solo
1182 2139 1350 2204 horizontis
1368 2161 1466 2205 circus
1490 2140 1629 2205 allicitur.
1671 2144 1756 2208 Haec
1776 2143 1814 2208 de
1838 2144 1897 2208 cir·

730 2227 773 2292 cis
794 2227 938 2293 omnihus
959 2226 1072 2311 quihus
1094 2225 1212 2290 caelum
1235 2223 1368 2310 cingitur
1389 2225 1468 2290 dicta
1489 2224 1650 2290 sufficiant

814 2314 898 2379 XVI.
942 2314 1117 2377 Tractatum
1145 2310 1183 2376 ad
1209 2311 1368 2395 sequentia
1394 2310 1628 2375 transferamus:
1665 2315 1721 2375 En
1743 2334 1800 2399 qno
1821 2315 1899 2377 milii

729 2402 831 2464 omnin
849 2397 1058 2484 contemplanti
1065 2397 1228 2484 praeclaro
1247 2409 1342 2461 cetera
1361 2408 1388 2460 et
1399 2396 1552 2460 mirabilia
1567 2397 1751 2461 videbantur.
1793 2401 1897 2462 Erant

728 2497 826 2550 antem
850 2484 907 2547 dae
933 2484 1029 2548 stellae
1062 2504 1136 2569 quas
1166 2503 1330 2568 nunquam
1360 2503 1398 2545 ecc
1421 2479 1477 2544 lioc
1507 2482 1569 2545 loco
1596 2483 1742 2558 uidimus,
1783 2494 1810 2546 et
1840 2485 1896 2548 liae

726 2568 947 2654 magnitudines
978 2567 1110 2630 omnium
1141 2587 1215 2652 quas
1248 2589 1307 2630 esse
1334 2587 1497 2652 nmnqnam
1526 2567 1672 2652 suspicati
1696 2589 1816 2632 sumus:
1858 2592 1896 2633 ac

627 2717 633 2723 .
676 2655 833 2743 [snpquihus
854 2662 917 2714 erat
937 2675 971 2716 ea
989 2652 1129 2727 minima,
1151 2673 1226 2736 quae
1242 2651 1347 2715 ultima
1366 2673 1386 2714 a
1406 2651 1501 2726 caelo,
1523 2653 1623 2715 citima
1641 2654 1745 2727 terris,
1766 2653 1830 2716 luce
1849 2655 1894 2717 lu-

727 2740 809 2805 cebat
827 2737 943 2800 aliena:
969 2736 1118 2800 stellarum
1137 2748 1234 2800 autem
1248 2735 1330 2820 plebi
1350 2746 1448 2799 terrae
1466 2738 1701 2822 mapnitudmem
1719 2739 1808 2820 facile
1828 2740 1895 2802 oin·

660 2882 663 2888 r
695 2824 836 2891 herebant.
878 2819 1033 2884 Dicendo:
1063 2822 1116 2884 Eu
1138 2842 1195 2906 quo
1217 2821 1296 2883 miti
1314 2821 1415 2884 omnia
1435 2823 1657 2907 contenplanti,
1684 2821 1715 2885 id
1738 2822 1821 2906 quod
1843 2845 1894 2887 su-

727 2929 782 2997 pra
803 2905 982 2985 retulimus,
1011 2904 1143 2969 affirmat
1164 2905 1196 2968 in
1218 2904 1286 2991 ipso
1309 2904 1406 2970 lacteo
1428 2905 1580 2992 Scipionis
1600 2915 1632 2972 et
1654 2916 1815 2992 parentum
1837 2929 1894 2993 per

790 3061 860 3112 Mus.
882 3058 1145 3120 cummanum]

724 3148 790 3199 dioc
813 3150 842 3196 et
865 3143 913 3194 hic
936 3149 964 3195 et
984 3143 1058 3194 inira
1082 3139 1194 3209 practer
1213 3141 1337 3210 reliquos
1360 3160 1437 3195 meos
1462 3143 1574 3195 codices
1595 3143 1702 3197 hahent
1724 3145 1893 3197 Postumus.

722 3214 850 3267 Hl2³M2
867 3212 910 3274 (in
932 3212 975 3264 Ml
995 3214 1066 3265 hacc
1084 3211 1303 3272 desiderantur).
1323 3241 1358 3249 —
1376 3212 1569 3280 longitudinem
1646 3215 1782 3281 octoginta
1798 3218 1894 3267 stadia

722 3283 793 3346 (sic)
817 3282 880 3333 udd.
899 3279 927 3331 in
947 3298 1004 3347 mg.
1023 3279 1054 3331 0.
1074 3310 1109 3318 -
1133 3281 1205 3331 intra
1222 3298 1250 3331 ee
1273 3279 1355 3361 (cuin
1378 3287 1448 3347 mg.)
1471 3279 1745 3362 osuini-guduin.
1767 3282 1892 3350 „ilngl.“

720 3348 1893 3489 lhollflnl‘iltrrhlellelbercilnntl‘lneclimellhlllrtllcienofrlllmirltra‘luhlil·idlllnctloenimeruith?colilll'lictcrlril2

721 3487 806 3537 Gran.
841 3486 919 3537 inter
936 3502 963 3535 ce
981 3486 1154 3547 „riremhrnm
1173 3484 1293 3534 alteru.“
1311 3484 1397 3535 Gran.
1431 3484 1465 3534 in
1480 3500 1507 3533 ce
1525 3483 1602 3533 Pc-z.
1620 3513 1655 3521 -
1667 3487 1803 3552 octoginta
1821 3487 1891 3550 (om.

720 3553 760 3619 et)
779 3553 876 3602 Rrfle.
911 3560 935 3603 et
954 3554 1103 3619 octaginta
1121 3552 1173 3602 Gu.
1195 3551 1288 3614 „Tres
1308 3551 1382 3602 mci“
1399 3551 1534 3601 Goerena.
1553 3551 1586 3600 ad
1606 3550 1664 3602 Cic.
1682 3551 1768 3602 Acnd.
1784 3553 1825 3615 ll,
1847 3558 1890 3617 25,

720 3621 793 3685 §BL
829 3626 854 3669 et
872 3622 1046 3687 octuaginta
1064 3623 1106 3669 vl.
1127 3647 1162 3655 —
1184 3619 1278 3669 stadia
1302 3616 1334 3667 F.
1351 3647 1386 3656 -
1406 3629 1498 3669 contra
1515 3618 1630 3669 videntis
1647 3627 1724 3671 ante
1743 3637 1775 3671 se
1802 3619 1831 3670 h.
1855 3650 1889 3660 —

719 3704 750 3737 en
767 3693 879 3751 atraque
898 3687 975 3745 (add.
993 3703 1054 3752 sup.
1072 3690 1162 3753 parte)
1183 3686 1214 3738 F.
1230 3715 1265 3723 -
1284 3693 1399 3737 trecenta
1419 3691 1495 3751 (cup.
1513 3691 1600 3745 orum)
1619 3686 1649 3736 li.
1668 3716 1695 3723 -
1724 3689 1796 3753 quin
1816 3691 1888 3739 intra

719 3754 770 3803 Rl.
807 3752 875 3818 quod
892 3754 970 3804 inter
988 3753 1059 3803 Bari.
1078 3782 1113 3790 —
1133 3769 1207 3804 suum
1226 3754 1369 3804 minentem
1387 3753 1438 3803 Μ.
1453 3781 1489 3791 —-
1503 3760 1609 3820 postera
1626 3754 1793 3805 atomum.
1810 3756 1889 3821 (SR2

719 3820 760 3871 1²4
779 3834 794 3869 a
814 3834 870 3869 sec.
886 3820 948 3886 m),
980 3829 1083 3885 postea
1102 3819 1167 3869 Gur
1188 3818 1331 3884 (csuat’a
1346 3835 1363 3870 n
1381 3837 1407 3885 p.
1424 3820 1485 3885 ιιι).
1520 3823 1687 3885 posteriorc
1703 3822 1725 3872 F
1743 3822 1779 3887 (C
1798 3840 1814 3873 a
1832 3841 1888 3874 sec.

719 3885 781 3950 m.).
815 3887 957 3952 posteriori
975 3886 1027 3935 Hl.
1044 3915 1078 3923 -
1096 3887 1240 3937 demiseris
1257 3886 1314 3937 CG.
1349 3888 1501 3954 dempseris
1517 3887 1667 3941 Lunum.
1684 3919 1719 3927 -
1736 3891 1791 3941 sihi
1808 3891 1836 3941 F.
1853 3919 1889 3930 -

719 3954 853 4005 interiore
870 3970 940 4021 vc-g
959 3953 1031 4019 (chg
1049 3952 1077 4003 in
1097 3970 1153 4017 mg.
1172 3953 1254 4017 ant.).
1276 3983 1311 3991 —
1336 3962 1360 4005 et
1377 3956 1458 4006 idern
1481 3972 1507 4007 v.
1677 3961 1718 4009 19.
1737 3960 1888 4025 'aequalis

719 4021 791 4073 CRl.
812 4050 848 4059 —
870 4038 947 4089 quae
961 4021 1064 4073 nnllam
1086 4020 1196 4071 CFSR2
1219 4023 1256 4084 ι,3
1273 4020 1376 4088 Angl.“
1399 4051 1435 4060 -
1456 4022 1532 4073 alind
1551 4038 1608 4072 cnm
1633 4026 1710 4084 (cdd.
1734 4041 1751 4076 n
1773 4043 1829 4077 ccc.
1850 4044 1887 4077 m.

716 4091 778 4158 per)
795 4089 826 4140 F.
861 4091 937 4142 aliud
953 4106 1001 4157 per
1017 4090 1087 4155 (om.
1106 4089 1178 4153 cum)
1198 4088 1231 4139 G.
1248 4118 1284 4126 -
1298 4091 1428 4159 porrigit
1445 4090 1520 4157 (sup.
1541 4093 1583 4154 at)
1602 4089 1633 4141 F.
1649 4121 1684 4129 —
1702 4095 1816 4159 efficitur
1834 4096 1887 4145 cir-

718 4176 763 4211 cus
780 4157 810 4209 F.
828 4185 862 4196 --
881 4159 1019 4224 sufficiunt
1036 4164 1106 4219 (om.
1125 4158 1211 4217 dicta)
1229 4156 1280 4206 Rl.
1364 4193 1366 4198 .
1442 4166 1445 4182 ¹

785 4226 855 4277 XVI.
898 4228 985 4294 Caput
1005 4227 1080 4278 XVI.
1119 4226 1171 4289 Qui
1181 4227 1238 4291 fiat
1254 4231 1284 4276 ut
1301 4228 1430 4291 quaedam
1448 4225 1541 4276 stellae
1556 4242 1698 4292 numquam
1718 4243 1735 4277 a
1752 4228 1826 4278 nobie
1843 4230 1886 4279 ui-

716 4294 844 4357 deantur,
875 4302 900 4345 ct
918 4304 1020 4360 quanta
1037 4295 1173 4346 stellarum
1191 4293 1306 4343 omnium
1328 4294 1495 4363 pinguitudo.
1520 4293 1599 4342 ch-h.
1753 4299 1776 4344 1.
1817 4297 1885 4346 'sra-

715 4369 814 4412 ctutum
835 4360 871 4411 ad
895 4378 947 4427 aeq.
971 4365 1164 4425 transferamus
1190 4359 1278 4426 cupiti
1302 4359 1478 4413 antecedenti
1502 4360 1646 4424 adscripta
1667 4366 1732 4411 sunt
1756 4363 1784 4413 in
1807 4364 1886 4415 ch-h.

716 4427 758 4477 ci.
779 4430 867 4487 c.10,
893 4426 907 4491 5
928 4431 950 4477 l.
969 4456 1005 4465 -
1025 4430 1069 4479 lin
1087 4429 1148 4495 quc]
1174 4427 1268 4479 Somn.
1289 4427 1347 4487 lll,
1371 4434 1398 4479 7.
1419 4458 1452 4466 -
1480 4430 1568 4479 omnia
1585 4428 1650 4478 milri
1669 4444 1685 4478 a
1707 4430 1800 4491 (michi
1817 4432 1885 4495 Rl).

714 4494 792 4545 ldem
810 4495 878 4544 ordo
897 4495 1044 4545 verborum
1065 4503 1107 4546 cit
1125 4496 1217 4547 Somn.
1235 4496 1254 4545 l.
1274 4513 1297 4562 c.
1314 4495 1342 4546 in
1361 4496 1429 4547 llus.
1449 4495 1593 4561 plerisque
1616 4501 1645 4547 et
1666 4496 1693 4546 in
1713 4497 1784 4547 Edd.
1824 4500 1885 4550 llid.

716 4561 771 4626 §2
787 4589 823 4599 -
839 4578 885 4612 eae
903 4562 995 4614 stellae
1013 4562 1037 4613 G
1056 4564 1112 4624 (R2
1130 4581 1190 4630 sup.
1208 4564 1239 4623 ἢ)
1257 4562 1352 4615 Samo.
1370 4564 1388 4614 l.
1408 4580 1432 4614 c.
1451 4563 1518 4615 Mos.
1535 4562 1661 4630 plerique
1679 4565 1786 4615 etEdd.
1823 4567 1884 4617 tid.

713 4629 769 4693 §7-
788 4657 823 4665 —
841 4646 872 4680 en
892 4629 939 4680 hcc
957 4631 1012 4681 icco
1089 4649 1156 4698 quas
1173 4648 1227 4682 esse
1244 4648 1388 4697 numquam
1403 4631 1466 4681 ndd.
1485 4633 1513 4682 in
1532 4649 1589 4698 mg.
1607 4631 1636 4681 C.
1651 4658 1685 4669 -
1703 4648 1759 4682 eae
1776 4636 1885 4699 mugni-

713 4698 818 4747 tudines
840 4697 955 4778 riq-aru
979 4698 1036 4783 (Βὲ
1061 4716 1122 4764 cup.
1146 4700 1177 4759 h)
1202 4697 1297 4750 Somn.
1323 4699 1342 4749 l.
1361 4716 1385 4748 c.
1405 4700 1473 4749 lllcs.
1492 4700 1621 4765 plerique
1644 4705 1672 4749 nt
1689 4699 1757 4750 Edu.
1805 4700 1884 4754 heae

711 4763 1062 4883 'gagdlmngaurlrillligCFlSl‘h
1087 4766 1194 4897 lilim}
1209 4768 1398 4886 liugml'dcterll,
1409 4773 1485 4901 ,niihil
1497 4772 1532 4899 ll?
1549 4766 1728 4899 ἷῑῐιὶιιῗεᾟξοκ
1747 4836 1884 4902 Stephani

712 4898 826 4949 cilicina
843 4905 1027 4966 propagatum
1046 4915 1109 4949 num
1128 4902 1239 4952 verhnm
1258 4901 1463 4954 substantivum
1483 4902 1641 4953 neccssaria
1657 4902 1837 4969 eradendum,
1856 4912 1884 4958 et

711 4965 753 5016 sic
771 4967 860 5017 Mes.“
881 4968 967 5018 Gran.
985 4996 1020 5005 -
1037 4983 1118 5033 cupro
1135 4969 1282 5036 retulimus]
1303 4970 1339 5021 cf.
1358 4988 1380 5021 c.
1401 4972 1430 5033 4,
1449 4970 1462 5028 d
1480 4974 1506 5021 5.
1540 4987 1622 5037 cupra
1640 4972 1756 5025 diximus
1770 4991 1832 5041 v·g.
1848 5002 1883 5012 —

709 5117 777 5169 huic
796 5117 872 5182 voci,
891 5134 974 5184 quum
991 5120 1138 5184 praeterea
1157 5123 1217 5185 aut,
1240 5124 1271 5172 ut
1322 5120 1495 5188 conposuit,
1515 5126 1573 5184 aut,
1590 5127 1622 5174 ut
1638 5124 1675 5187 ll,
1693 5129 1719 5187 8,
1737 5128 1773 5189 3.,
1792 5126 1883 5177 stadia

710 5202 770 5252 cup.
784 5190 826 5249 20,
840 5186 853 5252 ξ
867 5189 902 5236 20
918 5203 977 5253 sqq.
994 5187 1139 5239 stadiorum
1153 5187 1197 5237 vel
1212 5196 1270 5240 eta·
1323 5206 1426 5254 genere
1444 5194 1551 5241 neutro.
1586 5191 1729 5244 Pantanus
1747 5195 1783 5247 ad
1800 5194 1838 5259 ll,
1855 5200 1880 5259 7,

710 5255 764 5310 dtu
790 5256 919 5323 legatur,
956 5260 986 5309 ut
1016 5271 1106 5324 genui
1138 5256 1270 5325 cognosci
1321 5260 1347 5310 3.
1366 5261 1511 5325 comparat
1532 5258 1675 5329 cingulos.
