5092 6425
690 893 762 937 ,ω
922 947 929 955 .
1134 865 1467 934 rnocncousnn.

724 1056 740 1090 a
762 1037 863 1105 quibus
888 1035 994 1103 protuli
1016 1037 1151 1090 nonnulla
1172 1053 1198 1104 p.
1217 1054 1281 1088 nun
1300 1054 1341 1103 sq.
1369 1035 1554 1088 ciceronis
1572 1032 1750 1086 Somnium
1774 1031 1908 1100 Scipio-

723 1125 779 1178 nis
802 1123 989 1176 desideratur.
1025 1122 1241 1175 Vesalisnsis
1265 1121 1419 1174 summaria
1440 1121 1618 1188 singulorum
1634 1117 1758 1186 cupitum
1774 1120 1908 1186 leguntur

723 1227 809 1278 pagg.
829 1211 964 1260 loe-lou.
983 1213 1011 1260 et
1028 1212 1166 1260 oto-578.
1185 1207 1352 1275 praemissis
1370 1204 1618 1274 inscriptionibus:
1652 1205 1762 1256 Summa
1780 1206 1907 1272 capitum,

720 1303 800 1365 prout
823 1294 906 1362 vulga
929 1294 1129 1345 commentarius
1153 1295 1181 1346 is
1204 1294 1332 1345 samnium
1353 1287 1494 1362 Scipionis
1509 1309 1541 1344 ea
1569 1292 1699 1344 Ciceroms
1721 1291 1787 1342 libro
1813 1290 1845 1341 dc
1864 1306 1907 1339 re-

721 1382 829 1450 publica
847 1385 918 1430 secta
936 1378 1075 1430 distinctus
1092 1386 1146 1444 est,
1175 1384 1215 1430 etc
1249 1379 1360 1430 Summa
1377 1379 1501 1430 libroruin
1519 1387 1544 1431 et
1562 1378 1694 1446 capitum,
1723 1382 1803 1443 prout
1824 1375 1908 1443 uulgo

722 1467 784 1518 libri
801 1465 1016 1517 saturnaliorum
1035 1465 1153 1518 distincti
1167 1472 1236 1517 sunt.
1271 1464 1447 1530 Sequunturs
1463 1465 1576 1516 Antores
1592 1478 1702 1530 quorum
1716 1461 1865 1514 testimonio
1880 1461 1908 1511 in

722 1553 765 1604 bis
777 1551 852 1602 libris
870 1566 934 1601 usus
948 1557 987 1602 est
1006 1550 1167 1613 Macrobius,
1193 1554 1222 1602 el
1240 1551 1323 1604 lndsa
1339 1566 1426 1601 rerum
1443 1558 1468 1603 et
1485 1550 1621 1601 umbonum
1637 1548 1717 1601 iuius
1734 1547 1835 1614 operis,
1862 1544 1907 1595 cni

722 1635 941 1704 praemittuntur
956 1635 1076 1686 haecce:
1098 1636 1211 1688 hectorii
1229 1634 1295 1702 (sic)
1311 1636 1457 1688 admonitio
1471 1636 1504 1687 de
1522 1641 1644 1702 sequente
1662 1633 1759 1685 Indice.
1798 1632 1908 1683 Monen-

723 1723 773 1773 dcs
790 1739 826 1785 ss,
841 1721 930 1786 lector,
948 1721 1079 1788 quaedam
1096 1722 1225 1774 vocabula
1238 1721 1267 1773 in
1282 1722 1330 1773 boc
1347 1721 1435 1773 indice
1450 1721 1584 1774 incentum
1601 1718 1637 1770 iri
1654 1719 1768 1785 poncia
1787 1718 1906 1784 superio-

722 1809 794 1859 ribas
812 1823 864 1857 nan
881 1814 986 1870 extant,
1016 1806 1182 1874 vicissimque
1203 1808 1231 1859 in
1250 1808 1299 1859 iac
1315 1807 1493 1859 desideratum
1511 1807 1546 1865 iri
1562 1805 1692 1857 nonnulla
1710 1819 1778 1871 puae
1795 1803 1836 1854 illi
1855 1802 1907 1852 lio·

722 1894 782 1945 bcnt
799 1892 853 1944 det.
887 1890 980 1942 Huius
997 1891 1130 1943 editionis
1147 1907 1241 1943 carum
1257 1892 1294 1943 H.
1306 1893 1467 1959 Stephanos
1482 1890 1626 1944 mundavit
1640 1887 1816 1942 badurico
1829 1885 1908 1938 Gur·

723 1976 833 2041 ciani,
855 1975 903 2042 qni
922 1976 1019 2028 omisit
1036 1975 1237 2044 descriptiones
1254 1976 1471 2030 Commentariis
1489 1976 1679 2029 insomnium
1698 1973 1839 2040 Scipionis
1857 1987 1908 2037 ap·

723 2060 814 2130 pictas
832 2067 861 2112 ct
879 2061 1073 2113 adnotationes
1095 2062 1123 2114 in
1146 2063 1375 2115 antecedentibus
1395 2063 1567 2115 editionibus
1585 2078 1647 2114 cum
1664 2061 1693 2113 in
1712 2058 1840 2126 margins
1857 2057 1907 2107 ad-

723 2147 844 2214 scriptus
868 2152 926 2198 tam
949 2144 1176 2199 saturnaliorum
1199 2148 1366 2215 quibusdum
1389 2148 1472 2201 libris
1498 2146 1688 2214 subscriptas,
1715 2146 1764 2197 scd
1791 2145 1908 2195 lucunas

722 2231 859 2285 iudicarit
880 2230 908 2282 in
931 2229 1157 2285 saturnaliorum
1180 2232 1247 2284 libri
1268 2232 1291 2284 1.
1308 2233 1377 2297 line,
1403 2233 1433 2285 in
1451 2233 1501 2287 lib.
1520 2232 1563 2297 ll,
1581 2249 1606 2283 c·
1623 2235 1649 2284 t.
1667 2231 1681 2297 b
1701 2233 1758 2294 14„
1785 2228 1835 2280 lib.
1855 2227 1906 2278 ΙΙΙ.

722 2324 786 2387 post
802 2334 863 2384 cap.
883 2319 933 2380 12,
952 2314 980 2366 in
998 2315 1052 2369 linc
1073 2317 1208 2369 librorum
1227 2317 1278 2370 ΙΙΙ.
1297 2318 1341 2371 lV.
1360 2321 1403 2372 t'l.
1421 2321 1488 2387 vll„
1505 2317 1610 2370 sociiis
1627 2315 1783 2369 asteriscis.

722 2400 1062 2456 opsoroulcutcio
1079 2401 1247 2469 princeps
1262 2411 1505 2473 excerptorum
1521 2400 1840 2473 grammaticorum.
1855 2396 1907 2448 Ti-

759 2487 835 2539 tulus
853 2489 912 2537 estc
930 2488 964 2538 A.
985 2487 1144 2540 Macrobii
1166 2485 1337 2542 Theodosii
1355 2492 1394 2544 ds
1412 2490 1628 2558 differentiis
1643 2495 1675 2540 et
1691 2483 1907 2539 societatibus

761 2568 1906 2646 Graecilaatiniquenerbilibellusnuncprimurninlueemedituscumnotis

760 2656 782 2707 1.
801 2655 975 2723 Opsopcei.
999 2655 1147 2709 Parisiis
1161 2659 1235 2726 apud
1251 2661 1385 2728 Dionys.
1402 2663 1602 2715 Duoalliuns.
1621 2654 1905 2715 nobiliumn

757 2745 799 2792 8⁰.
818 2740 917 2791 Exstat
928 2738 958 2790 iu
974 2740 1147 2795 bibliotheca
1160 2743 1239 2812 regia
1249 2745 1380 2811 Parisiis,
1391 2748 1441 2799 sed
1457 2747 1486 2799 iu
1501 2747 1603 2800 alienis
1616 2743 1746 2797 manibus
1759 2746 1830 2802 erut,
1843 2756 1905 2790 cuni

758 2826 888 2878 Tlseod.
906 2825 1046 2878 Presssl
1065 2827 1095 2879 V.
1115 2828 1147 2879 n.
1165 2844 1183 2880 s
1199 2845 1244 2880 me
1262 2836 1378 2900 rogatus
1398 2848 1460 2885 eam
1476 2838 1538 2885 erat
1556 2831 1744 2899 inspecturus.

758 2914 901 2980 Receptus
916 2918 960 2964 est
977 2912 1025 2965 hic
1045 2912 1160 2965 libellus
1176 2912 1205 2964 in
1221 2914 1468 2971 Grammaticos
1485 2917 1632 2971 lactinae
1649 2922 1802 2967 auctores
1819 2910 1905 2962 anti-

759 3015 839 3065 quos
856 2995 903 3063 qui
921 3014 1000 3065 opera
1023 3006 1048 3052 et
1067 2999 1156 3052 studio
1180 3000 1301 3054 Heliae
1329 3003 1480 3056 Patrobii
1501 3005 1664 3073 prodierunt
1681 2997 1813 3061 llanovii,
1837 2995 1907 3062 typis

762 3082 948 3148 llsecbelianis,
966 3084 1084 3137 Muci<
1111 3086 1153 3136 4⁰.
1178 3102 1205 3153 p.
1222 3089 1408 3153 atti-aste„
1427 3095 1456 3141 et
1472 3090 1530 3142 alia
1548 3089 1673 3141 eiusdem
1690 3084 1758 3136 libri
1774 3088 1907 3147 excerpta

757 3168 787 3221 in
805 3168 968 3223 Analecta
988 3173 1211 3240 grammatica
1231 3176 1375 3229 maximam
1396 3182 1499 3245 partem
1522 3175 1652 3228 anecdota
1674 3186 1745 3240 quus
1768 3169 1907 3221 ediderunt

758 3255 922 3324 loseplus
948 3257 987 3307 ab
1011 3257 1213 3325 Eichenfeld
1241 3268 1266 3314 ct
1294 3262 1487 3332 Stcpdanus
1512 3259 1706 3313 lindliclscr.
1737 3255 1907 3308 Vindobonae

759 3342 1037 3394 Moccfflml.
1059 3346 1101 3395 4⁰.
1126 3362 1151 3411 p.
1171 3349 1304 3398 lea-193.
1338 3346 1419 3399 Conl-
1440 3364 1467 3414 p.
1485 3362 1548 3399 xm.

688 3425 881 3481 ΡΟΝΤΔΝΙ
897 3426 1008 3480 aditio
1027 3429 1134 3498 prior.
1153 3432 1181 3498 (p
1202 3432 1247 3483 sel
1265 3436 1310 3499 pl,
1324 3437 1368 3497 8⁰,
1387 3433 1459 3485 lolia
1477 3429 1675 3497 v111.*,pcgg.
1695 3431 1755 3479 ost.
1774 3442 1905 3477 versuum

722 3511 862 3579 xxxin„
890 3513 961 3566 lolia
981 3507 1107 3566 xxvii*
1129 3516 1238 3569 indices
1263 3524 1293 3570 ct
1317 3519 1436 3571 bisursii
1457 3524 1538 3570 notas
1562 3513 1755 3579 continentia).
1790 3511 1907 3563 Titulus

723 3603 779 3648 est:
800 3601 874 3649 Aur.
897 3600 1077 3653 'l'lsecdosii
1096 3604 1259 3655 Macrobii
1279 3606 1309 3655 V.
1330 3606 1372 3658 Cl.
1388 3613 1414 3658 et
1432 3605 1551 3656 inlustris
1568 3617 1656 3670 opera.
1687 3599 1752 3651 lon.
1774 3598 1905 3648 isacius

724 3684 898 3735 Pantanus
912 3687 1056 3738 nscemuitc
1079 3696 1105 3740 et
1124 3689 1339 3742 Saturnalicrura
1361 3691 1441 3743 libros
1462 3691 1512 3742 bis.
1535 3703 1583 3755 cpe
1600 3686 1690 3749 aucit,
1712 3683 1859 3744 ordinauit,
1881 3687 1907 3730 ct

727 3768 1003 3835 castigationes-stoc
1026 3772 1112 3825 Notas
1134 3773 1241 3825 adiecit·
1280 3775 1322 3827 Ad
1344 3776 1535 3843 amplissimum
1560 3775 1645 3825 uirum
1665 3768 1810 3823 Arnoldons
1833 3766 1905 3815 Wit-

717 3854 834 3920 fcldium
859 3855 939 3923 regni
965 3856 1071 3909 Daciae
1097 3859 1302 3911 Cancellarium.
1342 3863 1471 3914 Contenta
1494 3861 1542 3911 bat
1565 3859 1630 3909 libro
1654 3858 1715 3907 vids
1735 3854 1841 3927 pagina
1863 3869 1905 3903 se-

721 3940 826 4008 quentis
843 3940 937 4008 quibus
951 3942 1079 3995 accedun
1090 3944 1111 3996 l.
1126 3945 1249 3997 Menesi
1255 3946 1265 3998 i
1280 3947 1410 3998 breuiores
1421 3946 1514 3998 Notae.
1527 3938 1661 4009 Sequitur
1677 3940 1797 4009 pictura,
1810 3940 1906 4007 polius

722 4042 785 4076 cum
803 4041 883 4079 ramo
899 4024 1050 4095 slssgiaeo
1067 4029 1219 4097 colligato,
1249 4031 1345 4085 addito
1363 4031 1480 4099 insuper
1498 4030 1605 4082 circino
1628 4035 1656 4079 ct
1675 4027 1787 4078 vinculo
1805 4029 1832 4077 in
1852 4042 1906 4091 quo

689 4165 695 4174 ,
722 4111 858 4179 inscripta
878 4118 944 4165 suut
961 4115 1063 4167 nerbas
1094 4116 1196 4168 Labore
1214 4123 1240 4168 et
1260 4118 1403 4170 industria.
1423 4114 1634 4184 -Lugduni
1653 4113 1856 4165 Batauorum
1874 4129 1905 4164 en

722 4199 833 4265 officina
871 4199 1100 4253 Plautiniana.
1157 4202 1235 4269 Apud
1273 4203 1443 4255 Franciscuns
1477 4198 1748 4266 liapbelengiuss.
1802 4201 1839 4250 Μ.
1872 4200 1904 4253 D.

722 4284 840 4337 XCVII.
875 4284 906 4336 Iu
932 4286 1036 4353 pegina
1058 4287 1186 4353 sequenti
1211 4288 1332 4356 legiturs
1365 4289 1493 4340 bbntenta
1511 4286 1562 4337 lsac
1581 4285 1705 4337 editione·
1745 4286 1905 4337 Camasen-

721 4369 834 4419 tarius
851 4369 878 4419 in
900 4370 1036 4421 Samnium
1059 4373 1200 4440 Scipionis.
1229 4372 1518 4424 -sinsornnltornn
1540 4371 1614 4422 bibri
1632 4379 1738 4439 septeni.
1776 4372 1821 4422 De
1842 4371 1907 4433 dis-

717 4454 876 4518 fcrentiis
903 4461 935 4506 et
962 4456 1179 4509 societatibus
1210 4458 1307 4510 Graeci
1335 4456 1476 4525 Latinique
1499 4456 1572 4508 uerbi
1601 4456 1725 4507 Libellus.
1766 4456 1810 4506 Au
1837 4472 1906 4521 qaae

722 4537 811 4589 omnia
833 4538 899 4591 lot.
924 4540 1013 4593 isaei
1040 4543 1186 4595 Pantani
1211 4543 1410 4613 Castigationes
1432 4544 1487 4595 sice
1511 4543 1606 4595 Notae.
1640 4540 1768 4604 Accessit,
1799 4548 1907 4607 praeter

724 4622 839 4673 indicem
856 4639 941 4675 recum
962 4633 987 4679 et
1007 4629 1160 4693 amborum,
1193 4629 1319 4697 Syllabas
1336 4634 1481 4684 Auctcruss
1500 4644 1608 4695 puerum
1624 4625 1779 4679 testimoniis
1800 4624 1905 4675 Macro·

720 4704 778 4758 bias
798 4725 863 4759 usus
885 4717 933 4762 cst.
966 4710 1100 4778 Sequitur
1123 4716 1172 4767 lol.
1196 4714 1249 4766 ln*
1271 4713 1407 4782 epistolas
1439 4713 1562 4766 Nobiliss.
1582 4718 1608 4765 et
1624 4709 1749 4777 Amplius.
1769 4710 1827 4761 siro
1845 4710 1904 4760 Ar-

720 4793 820 4846 noldo
849 4796 1028 4860 Witssldic
1050 4799 1088 4849 ab
1118 4800 1335 4865 oleronensi,
1364 4799 1568 4868 regni'llaniae
1590 4794 1756 4848 cancellario
1775 4796 1819 4846 lo.
1838 4794 1906 4845 lsa-

720 4878 793 4928 cius
813 4878 992 4933 Pantanus.
1017 4883 1098 4936 S....
1125 4885 1201 4937 Vale.
1229 4885 1359 4955 Lugduni
1378 4885 1407 4936 in
1428 4884 1544 4936 Batauis
1567 4884 1628 4935 XV.
1652 4882 1715 4933 llal.
1742 4880 1830 4932 Octob.
1858 4894 1907 4947 α).

723 4964 756 5015 D.
773 4965 865 5031 niu,
895 4972 923 5018 ct
947 4968 997 5020 iol.
1020 4969 1076 5030 V'v.
1099 4971 1297 5039 epigrammata
1320 4972 1370 5021 lV.
1392 4970 1421 5020 in
1445 4970 1510 5021 Aur.
1532 4970 1698 5023 Macrobiuns
1721 4984 1739 5017 a
1762 4966 1817 5018 loli.
1838 4967 1905 5019 isac.

723 5048 845 5103 Pontano
862 5054 1012 5106 restitutum
1030 5055 1185 5124 composita
1203 5072 1220 5110 a
1239 5056 1348 5125 loseplta
1369 5055 1509 5124 Scaligcra
1528 5055 1579 5107 lai.
1599 5057 1673 5138 Caes.
1684 5055 1763 5122 filis,
1786 5054 1815 5105 P.
1837 5054 1907 5105 Ber-

687 5168 1093 5187 Ἥ-

685 5304 741 5359 νίὼ
755 5240 789 5375 eg·
802 5239 863 5362 ξιξ
880 5243 956 5296 hunc
978 5246 1110 5302 libellum
1131 5247 1188 5301 lam
1211 5262 1284 5301 annu
1303 5242 1509 5297 uotxxxtll.
1528 5244 1670 5314 prodiisse
1689 5243 1827 5307 relcruut3
1856 5243 1907 5296 sed
