5092 6425
618 917 620 922 ·
679 883 681 891 ’
726 895 870 964 -11οΜΜ,
891 895 936 962 IN
958 893 1086 961 SOMN.
1108 891 1207 958 sulp.
1249 891 1326 956 LIB.
1348 891 1387 956 11.
1432 891 1521 957 CAP.
1542 894 1611 959 VII.
1628 894 1711 961 VIII.
1757 891 1817 958 169

645 1070 710 1134 bes.
752 1069 795 1133 Et
822 1067 892 1132 ideo
921 1065 1025 1130 nullus
1046 1084 1142 1148 paene
1170 1061 1252 1148 apud
1272 1061 1341 1127 illos
1363 1083 1439 1126 usus
1462 1071 1509 1127 est
1528 1063 1683 1129 imbrium.
1736 1065 1868 1132 nur-ao

646 1176 699 1219 sus
726 1175 805 1239 quae
830 1154 868 1218 ad
889 1152 1015 1236 frigidae
1037 1149 1114 1214 fines
1142 1149 1278 1234 pressius
1299 1148 1464 1226 accedunt,
1497 1157 1533 1214 ut
1554 1158 1601 1215 est
1623 1150 1712 1236 palus
1732 1151 1817 1215 Mae-

645 1240 720 1316 otis,
752 1247 788 1304 ut
808 1239 947 1322 regiones
970 1257 1047 1322 quas
1079 1234 1303 1319 praeterfluunt
1327 1234 1439 1299 Tanais
1465 1244 1497 1298 et
1516 1236 1623 1300 Hister
1651 1236 1816 1321 omniaque

646 1346 739 1410 super
762 1324 914 1421 Scythiam
938 1322 1003 1385 loca
1033 1341 1167 1406 quorum
1197 1319 1312 1384 incolas
1333 1327 1470 1384 vetustas
1490 1322 1708 1406 Hyperboreos
1730 1343 1818 1387 voca·

645 1410 703 1487 vit,
723 1430 810 1496 quasi
834 1409 984 1493 originem
1006 1405 1119 1471 boreae
1138 1407 1306 1470 introrsum
1329 1404 1499 1469 recedendo
1522 1407 1717 1485 transissent,
1740 1408 1817 1472 adeo

644 1504 767 1560 aeterna
790 1515 887 1579 paene
907 1500 1092 1578 premuntur
1112 1492 1231 1577 pruina,
1253 1498 1370 1555 utnon
1393 1488 1480 1554 iaaile
1499 1493 1679 1578 explicetur,
1701 1502 1816 1578 quanta

644 1581 684 1645 sit
712 1581 773 1643 illic
800 1579 927 1664 frigidae
956 1577 1124 1643 nimietatis
1150 1577 1272 1642 iniuria.
1331 1575 1411 1640 Loca
1438 1596 1512 1640 vero
1540 1599 1619 1663 quae
1647 1580 1679 1643 in
1713 1579 1863 1645 medioil

643 1673 812 1750 temperata
833 1673 922 1741 sunt,
951 1664 1097 1749 quoniam
1121 1664 1159 1728 ab
1179 1671 1310 1747 utraque
1332 1661 1489 1726 nimietate
1510 1663 1635 1748 longum
1658 1665 1816 1743 recedunt,

643 1773 747 1817 veram
767 1759 876 1815 tenent
898 1750 1126 1834 salutaremque
1146 1748 1345 1833 temperiem

728 1837 811 1901 VIII.
854 1837 955 1900 Locus
977 1855 1033 1906 nos
1054 1841 1220 1911 ammonet,
1239 1841 1274 1899 ut
1292 1831 1453 1918 (quoniam
1476 1832 1609 1899 diximus
1627 1855 1692 1899 rern
1710 1855 1865 1922 quaeum]

642 1943 660 1986 a
682 1921 767 1986 nullo
792 1921 888 2005 possit
910 1918 1023 1995 refelli,
1059 1928 1228 2005 utrumque
1255 1918 1409 2004 tropicum
1430 1918 1544 1983 circum
1566 1919 1690 1984 zodiaco
1712 1921 1816 1986 termi-

644 2029 702 2072 nos
732 2005 846 2084 iacere,
887 2027 944 2071 nec
971 2027 1119 2091 umquam
1150 2005 1246 2070 solem
1273 2005 1458 2070 alterutrum
1485 2004 1638 2089 tropicum
1667 2008 1816 2077 excedere

644 2114 735 2178 posse
758 2092 805 2158 vel
827 2113 950 2157 sursum
972 2091 1026 2156 vel
1043 2091 1187 2156 deorsum
1210 2090 1352 2166 meando,
1376 2098 1460 2154 trans
1482 2089 1640 2155 zodiacum
1662 2113 1734 2158 vero
1757 2093 1816 2157 eir·

644 2201 725 2255 eum,
746 2178 841 2243 idest
861 2185 945 2243 trans
966 2186 1068 2242 ustam
1090 2197 1168 2262 quae
1187 2175 1313 2261 tropicis
1334 2174 1496 2252 clauditur,
1518 2196 1557 2240 ex
1575 2182 1708 2262 utraque
1728 2187 1815 2262 parte

643 2264 779 2348 incipere
808 2270 1009 2348 temperatas)
1043 2283 1242 2348 quaeramus,
1282 2260 1358 2346 quid
1391 2260 1432 2324 sit
1462 2260 1547 2358 quod
1581 2261 1625 2327 ait
1657 2262 1814 2348 Virgilius,

644 2371 737 2435 quem
759 2349 874 2414 nullius
893 2370 1042 2435 umquam
1061 2348 1238 2435 disciplinae
1262 2367 1350 2411 error
1367 2345 1510 2411 involvit:

680 2478 684 2486 ·
1049 2471 1092 2481 -
1114 2435 1192 2499 dnae
1216 2433 1390 2498 mortalitas
1411 2433 1510 2518 aeqric

696 2539 701 2549 ⁸
728 2521 856 2586 Munere
875 2543 1029 2593 concessae
1048 2521 1168 2585 diuam:
1195 2531 1222 2584 et
1241 2521 1293 2583 oia
1311 2530 1462 2667 sectaper
1481 2518 1590 2594 ambas,

733 2607 878 2694 Obliquas
899 2628 959 2692 qna
980 2629 1011 2669 se
1033 2608 1189 2692 siqnorann
1210 2616 1334 2670 certaret
1355 2626 1391 2668 or
1412 2626 1438 2668 o.

642 2690 774 2756 Videtur
800 2692 883 2756 enim
913 2691 1014 2756 dicere
1037 2692 1084 2756 his
1109 2692 1248 2758 versibus
1270 2689 1428 2755 zodiacum
1456 2710 1511 2773 per
1534 2695 1720 2774 temperatas
1742 2689 1815 2756 duc·
1844 2695 1866 2759 2

642 2785 709 2841 tum
735 2786 767 2842 et
794 2778 867 2843 solis
895 2798 1020 2842 cursum
1050 2789 1105 2862 per'
1131 2779 1211 2863 ipsas
1239 2776 1321 2853 fieri,
1359 2775 1443 2860 quod
1469 2796 1526 2840 nec
1547 2775 1667 2861 opinari
1693 2775 1738 2840 las
1759 2785 1816 2853 est,

644 2865 715 2948 quia
747 2873 892 2945 neutrum
921 2863 1073 2948 tropicum
1103 2885 1211 2930 cursus
1239 2863 1312 2927 solis
1337 2861 1465 2926 excedit.
1495 2861 1597 2927 ‘Num
1625 2862 1719 2948 igitur
1739 2862 1815 2928 illud

643 2948 789 3026 attendit,
830 2948 915 3034 quod
938 2949 1087 3028 diximus,
1125 2958 1157 3016 et
1176 2950 1257 3014 intra
1278 2947 1433 3034 tropicum
1456 2946 1488 3012 in
1508 2968 1543 3012 ea
1563 2956 1706 3035 perustae
1729 2956 1815 3035 parte

1438 3141 1523 3203 [Edd.
1543 3141 1747 3212 riaahgapdzb.

643 3257 676 3265 -
696 3243 780 3293 poene
795 3229 886 3279 nullas
903 3226 935 3279 F.
1089 3231 1132 3278 20.
1169 3227 1271 3279 Rursus
1295 3244 1386 3294 arque
1405 3225 1469 3276 Gvi.
1522 3242 1614 3277 rursus
1632 3243 1700 3295 qaae
1717 3246 1816 3295 aeque

642 3296 749 3346 c-bPl).
762 3324 797 3332 —-
810 3298 890 3363 palas
907 3295 1042 3347 meotidis
1060 3294 1243 3347 unaarum.
1260 3322 1296 3335 -
1314 3296 1381 3346 later
1398 3291 1552 3344 aarum.
1588 3293 1631 3345 Gi.
1648 3312 1671 3345 a.
1689 3298 1729 3354 16,
1746 3296 1816 3361 §aa

643 3364 732 3414 amaia
753 3381 830 3429 quae
849 3371 923 3430 (sup.
942 3364 1005 3414 add.
1022 3369 1059 3424 et]
1079 3363 1109 3414 C.
1133 3392 1168 3401 -
1189 3364 1331 3416 introrsum
1349 3362 1494 3413 recedendo
1511 3362 1574 3412 add.
1591 3362 1619 3413 in
1639 3380 1696 3432 mg.
1714 3364 1764 3414 Ra.
1782 3393 1816 3401 —

643 3450 696 3482 non
716 3439 745 3484 at
760 3432 847 3497 jacite
869 3431 900 3482 F.
930 3460 963 3469 -
989 3432 1117 3499 frigidae
1139 3430 1286 3483 nimietatis
1306 3431 1370 3481 add.
1391 3446 1408 3481 a
1432 3446 1487 3480 sea.
1509 3446 1545 3479 m.
1568 3430 1620 3482 Ra.
1771 3435 1816 3482 21.

645 3501 715 3550 Loca
736 3505 810 3565 (sup.
832 3500 867 3550 al.
887 3501 1001 3559 locata)
1020 3506 1095 3551 aaut
1113 3498 1142 3550 C.
1162 3506 1385 3565 -temperatae
1403 3497 1474 3549 ⁸-er
1491 3496 1562 3548 Mod.
1579 3512 1623 3566 ep.
1640 3500 1698 3563 114,
1716 3516 1741 3566 p.
1755 3504 1816 3552 502.

643 3597 671 3606 -
694 3568 727 3618 in
745 3568 854 3637 longum
873 3569 905 3618 I).
942 3569 1028 3636 longe
1045 3567 1089 3616 Re
1107 3584 1168 3633 sup.
1192 3566 1252 3628 lin.‚
1272 3566 1373 3617 Eddl’.
1391 3594 1423 3602 -
1440 3566 1634 3634 salubremque
1652 3567 1747 3632 ,‚Mr.“

712 3635 785 3685 vul.
825 3638 912 3702 Caput
936 3636 1013 3687 VIII.
1052 3636 1142 3687 Obiter
1158 3635 1286 3702 quomodo
1303 3635 1476 3701 explicandus
1494 3633 1565 3685 laena
1588 3636 1703 3704 Vergilii
1720 3638 1816 3706 (Virg.

642 3703 1483 3837 i²³piiiiaii⁰igii1i⁰“iiiiiiid‘iiiii‘b'am..
1499 3703 1834 3831 irmlttl'a‘”‘'l.tt

640 3848 793 3907 perustam
808 3839 887 3890 'Bure
913 3810 946 3877 -’
977 3840 1092 3908 incipere
1113 3790 1250 3890 Masi-alr
1274 3845 1308 3906 (g
1325 3838 1353 3889 in
1373 3843 1445 3905 mg.)
1469 3839 1530 3889 Hl2
1552 3840 1676 3907 ,‚llngl.“
1699 3858 1817 3906 „amaea

642 3908 731 3958 alser‘
748 3908 843 3967 (Iram,
860 3908 907 3974 qui
927 3908 1108 3972 reprehendit
1122 3908 1276 3959 Pontanum
1293 3906 1370 3958 aliud
1387 3907 1452 3971 quid
1469 3917 1656 3972 quaerentem.
1691 3913 1818 3979 accipere

641 3976 703 4026 lr-z.
739 3975 910 4041 „Scriprcrit
926 3976 1094 4046 Macrobius
1107 3978 1240 4043 occipere.
1276 3974 1432 4028 Considera
1453 3981 1486 4042 et,
1502 3977 1665 4040 prnlralrie.“
1687 3978 1766 4030 Pont.
1782 4006 1816 4020 -

643 4042 722 4110 duae]
747 4044 851 4110 Georg.
878 4045 905 4105 l,
925 4049 985 4094 237.
1006 4073 1040 4083 -·
1063 4045 1192 4096 vertitur
1214 4044 1266 4095 HI.
1419 4047 1453 4093 2..
1480 4045 1550 4094 enim
1567 4061 1620 4093 orn.
1639 4044 1670 4095 F.
1697 4073 1723 4084 -
1745 4050 1818 4110 verb,-

644 4117 719 4174 (aup.
737 4112 773 4170 ri)
793 4112 844 4161 RI.
879 4112 974 4162 verbis
995 4112 1046 4161 Ra.
1063 4140 1098 4149 -
1117 4129 1215 4163 carrae
1232 4110 1398 4176 Ravtcth.
1416 4139 1450 4147 —
1466 4112 1551 4176 ferri
1568 4112 1671 4170 EddP.
1688 4141 1722 4151 -
1737 4134 1817 4167 nanc

643 4180 730 4248 igitur
749 4195 774 4228 r.
799 4207 832 4217 -
853 4180 923 4246 quari
939 4178 1064 4245 dirimas]
1083 4196 1106 4229 c.
1124 4185 1156 4243 7,
1175 4180 1188 4245 ᾗ
1207 4182 1249 4230 14.
1267 4206 1302 4215 -
1321 4184 1434 4246 peraeta
1452 4194 1517 4246 r-33
1551 4179 1626 4230 uad.
1646 4197 1688 4248 ep.
1708 4186 1771 4247 114,
1788 4200 1816 4251 p,

644 4355 713 4406 enim
731 4371 874 4422 numquam
886 4354 986 4419 flectit,
1006 4354 1052 4406 red
1069 4371 1121 4406 aaa
1140 4362 1205 4407 tem·
1255 4356 1348 4406 racia
1366 4372 1420 4423 qaa
1437 4363 1475 4407 eat
1492 4371 1572 4408 urar
1590 4356 1658 4420 diei,
1689 4358 1737 4410 ulii
1758 4359 1814 4413 riri.

642 4439 706 4492 pore
729 4441 790 4473 non
806 4423 908 4486 flectit,
943 4439 1062 4488 namque
1085 4424 1205 4475 umbram
1255 4428 1314 4473 not.
1389 4435 1393 4444 ·

637 4494 746 4557 flectere
770 4483 843 4540 nilril
867 4490 945 4542 aliud
972 4497 1015 4542 eat
1038 4507 1120 4557 quam
1144 4507 1205 4542 um·
1289 4494 1334 4552 ²⁴1·
1368 4491 1508 4542 introrsum
1524 4492 1667 4543 recedendo
1695 4495 1738 4547 Gi.
1755 4514 1779 4547 a.
1788 4502 1816 4563 8,

645 4561 724 4611 brem
744 4557 847 4609 iacere.
1256 4558 1305 4625 §3
1332 4558 1660 4614 concuciuntur!
1682 4600 1690 4625 ‚
1711 4582 1735 4630 p.
1754 4568 1816 4630 44³,

679 4632 719 4679 19.
756 4628 793 4679 Et
822 4627 881 4677 ideo
905 4626 995 4677 nullas
1020 4642 1105 4692 paene
1130 4626 1204 4693 apud
1254 4629 1489 4689 22¹„lntrarrum
1508 4628 1543 4679 de
1565 4628 1622 4680 ritu
1641 4631 1766 4684 locorum
1788 4643 1817 4687 et

642 4695 778 4748 illaanaus
794 4694 976 4761 colimbriam]
996 4693 1205 4759 „Qnaeauctar
1254 4692 1401 4762 regianum
1426 4695 1543 4759 dicitnr,
1575 4698 1699 4762 quaeda
1727 4693 1816 4754 terrae

642 4764 691 4814 hic
709 4762 807 4828 tradit,
835 4762 1043 4814 verosimiliora
1063 4768 1091 4813 et
1108 4778 1204 4814 recen·
1254 4764 1398 4829 recedunt,
1414 4770 1463 4815 aut
1479 4764 1507 4815 ia
1526 4765 1689 4821 interiorem
1707 4777 1816 4837 partem

644 4835 746 4883 tiorum
767 4830 957 4898 experimento
978 4829 1069 4899 magis
1088 4847 1205 4881 consen·
1254 4838 1347 4884 terrae
1366 4833 1579 4901 porriguntur.“

644 4906 809 4953 teneurunt
827 4899 1013 4951 existimanda
1037 4914 1118 4964 quarn
1139 4898 1230 4950 1110*-
1290 4900 1368 4963 vul,
1400 4903 1424 4952 1.
1468 4919 1542 4970 quem
1566 4904 1666 4955 nullius
1691 4922 1816 4972 amquam

643 4986 704 5020 rum
723 4968 831 5034 opinio,
856 4969 903 5034 qui
922 4968 1080 5035 Aegyptum
1101 4974 1204 5019 terram
1256 4968 1323 5023 disci
1341 4968 1413 5020 linae
1436 4986 1509 5020 error
1531 4970 1653 5038 involvit]
1677 4971 1719 5023 Ci.
1740 4974 1815 5025 Ptin.

643 5055 706 5088 esre
726 5038 822 5088 dicunt
839 5044 980 5101 expertem
998 5035 1144 5096 imbrium,
1173 5044 1206 5087 ut
1255 5035 1288 5087 N.
1308 4986 1343 5087 ii
1361 5036 1402 5101 ll,
1422 5043 1453 5097 Τ,
1473 5055 1496 5088 a.
1515 5042 1546 5096 5.
1566 5039 1579 5105 ᾗ
1598 5044 1633 5091 26
1650 5038 1716 5091 Sill.
1740 5042 1815 5105 Quae

643 5106 719 5155 Mela
734 5104 758 5166 1,
775 5108 800 5155 8.
820 5111 849 5155 et
864 5104 946 5158 alii.“
964 5104 1049 5155 Zuua.
1065 5132 1099 5142 -
1121 5104 1165 5156 CI.
1182 5103 1204 5165 1,
1255 5105 1364 5175 singula
1409 5106 1585 5173 improvidam
1627 5110 1815 5159 mortalitatem

644 5176 784 5233 2⁹2,9.ea
802 5173 1205 5241 amniamirpartcpraater
1255 5174 1440 5225 involvant.
1474 5174 1546 5226 Plila.
1561 5175 1612 5241 Ep.
1632 5176 1655 5238 I,
1669 5179 1695 5237 6,
1713 5181 1739 5225 7.
1759 5176 1815 5227 'Illae

645 5247 754 5291 artam
785 5239 898 5292 calare
924 5247 1085 5309 perpetuo
1118 5241 1205 5308 liquor
1254 5258 1296 5292 ma
1322 5241 1424 5322 laqueis
1450 5250 1506 5293 tam
1534 5243 1678 5294 insidiosae
1703 5244 1815 5294 interra·

643 5306 773 5376 pluvialia
790 5316 913 5373 emanat,
934 5313 962 5360 at
978 5307 1022 5374 ll,
1040 5311 1071 5372 5,
1091 5312 1204 5363 lacer-
1251 5305 1376 5379 gatia‘mr
1395 5310 1611 5363 invaluerat.
1634 5337 1663 5351 -
1691 5310 1829 5359 uum
