5092 6425
704 900 747 967 34
1165 937 1168 942 -
1185 886 1395 956 Macaocn

704 1063 843 1139 termini,
863 1080 932 1128 cum
953 1059 1015 1125 sint
1035 1076 1157 1142 semper
1176 1056 1255 1121 circa
1274 1075 1404 1142 corpora
1426 1073 1560 1139 qnorum
1578 1051 1703 1119 termini
1723 1059 1813 1131 sunt,
1829 1054 1877 1120 in-

704 1147 842 1235 corporei
863 1153 967 1210 tamen
992 1143 1221 1227 intelleguntur.
1263 1143 1342 1208 Nam
1370 1160 1534 1225 quousque
1562 1159 1675 1224 corpus
1700 1160 1770 1204 esse
1795 1140 1876 1205 dice-

702 1244 768 1310 tur,
790 1231 920 1296 naulum
942 1228 1093 1294 terminus
1113 1226 1316 1310 intellegitur:
1337 1225 1497 1309 cogitatio,
1515 1244 1595 1309 quae
1617 1225 1795 1309 conceperit
1814 1235 1875 1290 ter·

672 1319 819 1384 timinam
847 1335 958 1400 corpus
985 1311 1118 1410 reliquit
1173 1312 1256 1395 Ergo
1278 1309 1396 1395 primus
1417 1331 1436 1374 a
1457 1308 1638 1394 corporibus
1667 1309 1707 1373 ad
1733 1309 1874 1395 incorpo

652 1421 758 1478 [nauca
778 1400 925 1467 transitus
952 1398 1081 1464 offendit
1100 1415 1265 1480 corporum
1286 1394 1465 1460 terminosz‘
1485 1401 1517 1459 et
1538 1392 1614 1459 baec
1635 1403 1684 1458 est
1704 1394 1804 1478 prima
1829 1396 1875 1459 in-

703 1507 850 1573 corporea
871 1492 980 1551 natura
998 1489 1068 1568 post
1090 1500 1233 1564 corpora,
1260 1480 1314 1545 sed
1335 1500 1399 1544 non
1420 1499 1498 1565 pure
1518 1499 1576 1543 nec
1594 1476 1633 1542 ad
1653 1477 1810 1562 integrum
1827 1501 1875 1544 ca·

702 1594 775 1638 rens
795 1589 939 1656 corpore:
967 1588 1038 1633 nam
1060 1566 1131 1630 licet
1151 1574 1238 1631 extra
1260 1585 1373 1650 corpus
1394 1572 1504 1629 natura
1523 1563 1591 1628 eius
1609 1563 1663 1638 sit,
1684 1572 1789 1628 tamen
1812 1586 1875 1628 non

703 1659 763 1723 nisi
785 1657 863 1721 circa
884 1674 996 1738 corpus
1017 1673 1034 1716 a
1057 1657 1152 1736 paret
1208 1649 1288 1715 Cum
1309 1657 1409 1713 toturn
1431 1649 1566 1734 denique
1588 1668 1701 1732 corpus
1722 1649 1875 1726 nominas,

702 1743 796 1808 etiam
827 1738 1003 1825 superficies
1031 1673 1090 1801 loe
1112 1734 1261 1800 vocabulo
1295 1735 1489 1799 continetur:
1530 1733 1569 1797 de
1597 1733 1777 1817 corporibus
1803 1755 1874 1799 eam

674 1832 806 1897 itamen
830 1824 886 1890 etsi
914 1844 977 1887 non
998 1842 1048 1888 res
1075 1820 1129 1885 sed
1149 1819 1324 1884 intellectus
1351 1825 1533 1903 sequestrat
1576 1818 1660 1882 Haec
1685 1818 1874 1903 superficies,

702 1911 781 1976 sicut
798 1916 846 1974 est
864 1928 1028 1993 corporum
1050 1904 1216 1979 terminus,
1244 1904 1287 1967 ita
1309 1904 1398 1969 lineis
1420 1903 1618 1979 terminatur,
1644 1923 1722 1988 quas
1741 1924 1799 1968 suo
1817 1925 1873 1968 no·

702 1995 786 2060 mine
807 1989 958 2077 γραμμὰς
979 1990 1106 2057 Graecia
1136 1988 1321 2054 nominavit:
1355 1988 1477 2073 punctis
1500 1988 1598 2052 lineae
1623 1986 1784 2052 liniuntur.
1832 1989 1874 2053 Et

702 2079 779 2145 baec
798 2086 872 2144 sunt
891 2097 1019 2163 corpora
1040 2095 1120 2161 quae
1142 2073 1357 2139 mathematica
1376 2080 1540 2150 uocantur,
1564 2071 1734 2157 dequibus
1754 2073 1873 2138 sollerti

672 2164 853 2234 Sindustria
870 2162 1056 2248 geometriae
1075 2160 1259 2244 disputatur.
1309 2160 1393 2244 Ergo
1413 2157 1489 2223 baec
1515 2157 1708 2242 superficies,
1740 2177 1813 2222 curn
1835 2178 1872 2223 ex

702 2250 804 2349 aliqua
826 2257 913 2334 parte
939 2245 1077 2345 corporis
1099 2244 1265 2328 cogitatur,
1301 2265 1359 2330 pro
1386 2243 1483 2308 iorma
1508 2241 1637 2307 subiecti
1663 2242 1872 2325 corporisne

702 2335 777 2421 cipit
800 2354 964 2399 numerum
987 2333 1153 2397 linearum:
1181 2350 1252 2394 nam
1272 2350 1329 2394 seu
1348 2329 1442 2393 trium
1462 2335 1498 2393 ut
1516 2327 1688 2411 trigonum,
1710 2347 1766 2391 seu
1784 2335 1871 2425 quat

701 2429 775 2486 tuor
795 2426 832 2483 ut
858 2418 1058 2503 quadratum,
1091 2435 1148 2480 seu
1165 2414 1302 2500 plurium
1326 2414 1366 2478 sit
1388 2414 1587 2498 angulorum,
1625 2411 1755 2476 totidem
1784 2412 1871 2477 laneis

671 2505 770 2569 9sese
791 2502 829 2567 ad
853 2511 991 2567 extrema
1010 2498 1208 2582 tangentibus
1228 2497 1370 2582 planities
1394 2499 1461 2563 eius
1488 2497 1664 2562 includitur.
1716 2497 1786 2561 llcc
1804 2497 1869 2561 loco

701 2585 899 2651 ammonendi
920 2605 1043 2660 sumus,
1115 2582 1154 2647 od
1176 2602 1269 2646 omne
1291 2603 1344 2646 cor
1367 2602 1403 2647 us
1425 2581 1626 2666 longitudinis
1647 2581 1819 2646 latitudinis
1839 2589 1870 2646 et

701 2668 873 2734 altitudinis
898 2666 1082 2732 dimensioni
1104 2688 1141 2731 us
1167 2672 1296 2731 constat.
1336 2603 1386 2731 dx
1408 2666 1456 2730 bis
1476 2667 1576 2732 tribus
1601 2666 1634 2729 in
1656 2666 1755 2731 lineae
1775 2666 1870 2730 ductu

701 2773 764 2818 una
789 2752 940 2817 dimensio
966 2760 1026 2827 est,
1060 2751 1218 2836 longitudo
1245 2761 1293 2816 est
1317 2751 1400 2815 enim
1425 2752 1491 2816 sine
1516 2751 1693 2816 latitudine:
1729 2750 1870 2834 planities

701 2858 788 2917 vero,
810 2857 904 2923 quam
926 2835 1036 2902 Gracci
1056 2831 1250 2921 ἐπιφάνειαν
1272 2844 1398 2916 vocant,
1418 2836 1510 2922 longo
1531 2837 1656 2922 latoque
1675 2834 1871 2914 distenditur,

765 2977 835 3030 us..
858 2975 1130 3057 ersrnrnqnna

696 3067 799 3122 autern)
826 3061 879 3112 Ra.
906 3087 941 3101 -
968 3062 996 3113 in
1018 3077 1124 3128 corpore
1143 3069 1231 3115 tamen
1252 3061 1304 3114 Ra.
1332 3089 1366 3101 -
1392 3062 1462 3114 Nam
1483 3061 1602 3130 quandiu
1634 3061 1669 3113 H.
1705 3090 1735 3101 -
1763 3063 1871 3118 dicitnr

697 3128 773 3180 nna.
799 3157 827 3167 -
852 3129 959 3195 reliquit
980 3127 1160 3198 snartinge.
1199 3131 1339 3196 relinquit
1363 3128 1681 3181 arvinae-narseum.

696 3201 723 3249 6.
762 3197 799 3249 ad
823 3197 977 3264 incorporea
1003 3215 1021 3250 a
1048 3199 1197 3267 corporibus
1224 3198 1296 3250 Basa.
1330 3227 1357 3238 -
1385 3197 1495 3265 offendit
1520 3196 1869 3251 BFSltleBsdelaHr.

596 3268 598 3271 ’
697 3266 823 3319 ostendit
850 3264 926 3317 t-ci‘.
957 3292 993 3306 -
1020 3265 1174 3334 incorporea
1213 3268 1282 3319 rima
1310 3270 1355 3317 sl.
1400 3281 1530 3333 carpam
1554 3266 1643 3333 prirnss
1670 3269 1715 3317 vit.
1746 3294 1781 3306 -
1808 3275 1870 3334 post

696 3350 807 3401 corpora
828 3331 999 3401 Mearicagb
1018 3332 1143 3402 ‚‚Angl.“
1176 3372 1195 3399 „
1225 3344 1260 3385 oa
1282 3334 1439 3401 praeiere.“
1462 3332 1543 3384 Pont.
1583 3333 1644 3398 „db
1661 3333 1773 3389 isaacio
1793 3340 1870 3386 stant

696 3401 784 3521 ilil
809 3399 1701 3536 ““.11.1111“ῑὶ;..“111.111.ῖ.”;.1ΐῐῑε.1ῑ·ῖ·.ῐ.’·ἐ1ἱ
1726 3418 1869 3521 ataid

761 3506 768 3520 ·
791 3496 826 3507 “
1494 3502 1501 3516 ·
1625 3504 1643 3530 rr
1856 3496 1870 3507 “

695 3535 797 3587 nacci“
820 3536 907 3587 (irco.
947 3543 1036 3587 tamen
1052 3553 1110 3587 sans
1127 3538 1177 3588 etsi
1199 3535 1228 3588 Ι..
1264 3544 1352 3589 marea
1370 3553 1408 3588 ea
1425 3535 1475 3587 atsi
1499 3532 1531 3585 B.
1573 3551 1631 3585 sans
1649 3542 1705 3587 tarn
1722 3537 1774 3587 etsi
1797 3536 1868 3587 ΕΜ.

696 3602 789 3653 Sllsn.
813 3627 847 3639 -
875 3602 1022 3653 intellectus
1047 3603 1117 3668 (del.
1138 3604 1199 3662 sed)
1223 3601 1271 3665 „in
1295 3619 1349 3655 uno
1368 3602 1540 3653 membran.“
1563 3602 1647 3653 Gran.
1693 3611 1801 3655 tamen
1823 3605 1868 3654 in·

694 3669 813 3720 delicatus
831 3683 848 3718 v
866 3668 1053 3731 ,‚abartaaene
1070 3668 1164 3720 liber“
1181 3669 1265 3720 Gran.
1285 3670 1333 3735 qui
1349 3669 1509 3736 suspicatus
1528 3675 1571 3720 est
1587 3684 1683 3721 veram
1697 3670 1868 3735 scripturam

696 3749 773 3784 caea:
809 3739 899 3785 tantan
916 3734 966 3786 etsi
981 3752 1035 3785 non
1052 3750 1107 3796 res,
1138 3743 1226 3787 tamen
1243 3737 1398 3792 intellectus.
1434 3735 1547 3787 Confert
1564 3735 1622 3788 snt.
1646 3736 1673 3800 1,
1696 3742 1727 3802 ὓ,
1752 3741 1793 3788 18.
1812 3737 1869 3789 ubi

695 3799 808 3866 quidem
826 3800 932 3850 tamari
947 3828 981 3839 -
998 3807 1085 3852 tasnen
1103 3802 1219 3870 legitur,
1237 3808 1267 3855 et
1285 3802 1341 3853 cin.
1361 3803 1425 3854 iam.
1444 3804 1490 3866 lv,
1510 3808 1542 3854 lc
1561 3802 1586 3870 [5
1603 3803 1654 3870 2}‚
1670 3809 1699 3855 ct
1717 3820 1789 3870 quac
1809 3806 1868 3855 col-

695 3865 769 3984 lcqit
784 3864 885 3916 Musei.
904 3864 952 3916 Xl.
968 3867 1028 3916 Var.
1046 3870 1088 3917 17.
1241 3874 1266 3921 i.
1300 3867 1428 3936 γραμμὰς
1444 3886 1469 3921 a.
1504 3887 1642 3953 gunnas
1660 3870 1729 3922 blas.
1749 3878 1778 3924 et
1796 3872 1867 3923 lidd.

694 3934 758 3985 rel.
785 3932 843 3993 (lta
860 3932 952 4001 grecia
970 3938 1131 4003 grammar).
1153 3963 1188 3975 -
1214 3936 1329 3988 Graecia
1349 3938 1480 3988 acescit
1507 3954 1561 4005 r-g.
1583 3965 1616 3977 -·
1639 3938 1741 3990 duobus
1759 3941 1867 4007 punctis

693 4000 872 4054 scribendum
889 4016 952 4052 essa
967 3999 1129 4066 suspicatur
1143 4002 1227 4055 tiron.
1244 4005 1310 4057 coll.
1326 4003 1340 4070 5
1358 4007 1399 4055 11.
1416 4031 1451 4044 -
1467 4006 1628 4073 geometriae
1645 4004 1865 4074 usfar-gnua

694 4069 882 4140 geometricae
908 4066 1051 4121 s·bPBaa.
1090 4072 1258 4138 geometrice
1282 4071 1305 4122 B
1328 4072 1382 4133 (iil
1407 4088 1421 4123 e
1444 4078 1539 4133 corn).
1578 4075 1766 4142 geometrica
1789 4081 1865 4140 (sup.

693 4138 762 4198 tria)
780 4137 831 4188 Ra.
865 4136 1017 4207 geometria
1035 4136 1164 4205 disputat
1182 4139 1225 4190 Ht
1244 4139 1319 4204 „ltla
1333 4138 1535 4206 Angliesnns.·‘
1686 4144 1711 4191 8.
1747 4143 1866 4209 corporis

693 4206 804 4263 subiecti
818 4203 849 4255 F.
884 4205 1004 4257 subiecta
1022 4220 1091 4272 corp.
1110 4204 1139 4258 S.
1161 4224 1259 4260 -scu
1276 4209 1311 4259 sit
1346 4208 1444 4258 larium
1460 4206 1492 4258 1².
1510 4233 1541 4245 ·-
1557 4207 1688 4273 planicies
1705 4212 1774 4269 (orn.
1793 4210 1865 4269 eins)

693 4274 782 4342 pide,
801 4271 978 4339 improbante
998 4271 1084 4324 Gran.
1235 4279 1261 4326 9.
1325 4292 1354 4325 oc
1369 4274 1456 4325 modo
1474 4274 1516 4341 bg
1534 4279 1568 4341 (g
1586 4274 1613 4325 in
1630 4290 1701 4341 ηιμ
1720 4275 1768 4327 boc
1785 4276 1865 4336 loco).

693 4367 728 4381 -
750 4339 927 4420 longitudinis
941 4347 972 4391 et
991 4339 1142 4392 latitudinis
1160 4341 1379 4409 altitudinisque
1399 4339 1573 4393 annania.
1599 4369 1633 4379 -
1655 4349 1693 4393 est
1712 4342 1863 4412 iongitudo.

694 4406 746 4459 Est
762 4404 872 4457 enrml'
894 4410 986 4466 (rest)
1008 4423 1069 4475 r-g.
1107 4416 1155 4461 cst.
1181 4408 1335 4479 [iongitudo
1353 4409 1422 4461 enirn
1440 4417 1478 4462 ast
1499 4408 1530 4460 F.
1552 4436 1586 4448 -
1608 4408 1752 4478 epiplranisi
1775 4410 1865 4462 FSRss

716 4524 751 4603 ‚⁶⁰
788 4521 859 4574 Nara
872 4538 1005 4592 quousque
1079 4524 1197 4595 reliquit]
1215 4527 1253 4579 Ut
1303 4527 1459 4597 sequestrat]
1472 4529 1612 4594 „Verbum
1622 4536 1796 4598 sequestrare,
1808 4547 1863 4598 qno

693 4589 998 4659 areenreteoneeperta
1012 4592 1067 4645 sibi
1081 4596 1252 4661 respondens
1302 4603 1402 4649 auctor
1428 4613 1514 4664 saepe
1541 4613 1656 4648 numero
1682 4597 1786 4664 utitur,
1818 4603 1864 4652 est

691 4656 856 4736 intellegitur
877 4662 906 4709 st
927 4660 1045 4726 reliquit.
1083 4662 1199 4714 Necdum
1221 4661 1251 4714 in
1300 4665 1416 4715 verbnm
1434 4663 1584 4717 deterioris
1601 4664 1751 4717 latinitatis
1774 4671 1803 4717 et
1822 4666 1863 4718 sl-

691 4722 808 4788 apodosr
826 4724 939 4790 ponitur
956 4743 1007 4793 pro
1023 4729 1155 4795 nondum,
1175 4730 1249 4781 coni.
1300 4731 1572 4799 gnificatseponera,
1599 4734 1752 4801 seiungere,
1778 4751 1861 4801 sepa-

692 4790 772 4856 §idl-
1299 4801 1390 4850 rara.“
1406 4799 1492 4850 ernrs·
1527 4798 1654 4853 Positum
1670 4806 1715 4851 est
1730 4801 1768 4862 11,
1779 4805 1806 4865 5,
1816 4805 1861 4853 33.

725 4859 750 4907 6.
780 4856 977 4935 postcorppra]
998 4857 1032 4909 at
1050 4857 1247 4927 Metilii.
1298 4863 1373 4916 inter
1401 4866 1488 4917 rerba
1512 4883 1638 4949 separare
1667 4872 1697 4919 et
1719 4883 1860 4921 removere.

689 4921 726 4973 ad
748 4936 841 4973 rerum
864 4922 990 4974 omnnem
1014 4924 1088 4977 haee
1110 4935 1248 4992 spectant,
1298 4930 1368 4983 (ium
1395 4934 1603 4999 praepositione
1622 4951 1641 4985 a
1661 4933 1716 4985 boc
1741 4937 1860 4987 verbnm

689 5004 743 5040 non
761 4988 796 5040 ad
818 4994 927 5055 tempus
946 5006 1014 5056 qno,
1042 4999 1073 5041 ut
1089 4991 1131 5043 sit
1148 4993 1247 5047 Cicero
1297 4998 1391 5065 iungit
1403 5000 1565 5055 Macrobioe
1579 5002 1685 5052 (ioanni.
1704 5000 1816 5065 1‚c‚e;
1834 5002 1859 5066 1,

689 5054 857 5118 Sarnalll,
877 5059 921 5138 ²2
948 5073 1113 5125 ecorporurn
1134 5062 1248 5115 sinatis
1296 5065 1719 5131 e,e;1l‚c,aa;11‚1t,1o.
1752 5068 1860 5122 Neutra

688 5124 858 5177 conlocarunt
874 5139 993 5190 marnas,
1025 5129 1158 5194 utsupra
1180 5146 1204 5181 c.
1219 5133 1246 5196 4,
1296 5132 1469 5199 praepositio
1486 5134 1629 5187 addicitur
1646 5135 1660 5201 §
1681 5137 1721 5186 13.

690 5190 704 5257 5
725 5195 749 5241 1.
1329 5202 1354 5249 i.
1388 5216 1418 5251 co
1451 5216 1497 5252 orn
1516 5218 1585 5269 quaa
1603 5202 1791 5257 nartennsnn
1808 5220 1858 5258 vs·

722 5258 755 5311 de
778 5257 927 5327 camoribus
950 5273 1009 5311 ean
1096 5260 1246 5319 intellectus
1295 5264 1399 5333 cantur]
1442 5266 1462 5318 1.
1478 5267 1516 5334 11,
1533 5272 1561 5334 2,
1576 5272 1594 5320 3
1611 5284 1670 5336 sqq.
