5092 6425
814 893 951 962 eoum.
973 894 1018 961 m
1038 891 1166 959 sonu.
1188 889 1287 958 sore.
1329 891 1395 961 am
1426 892 1466 956 ιι.
1508 891 1598 959 aar.
1618 895 1674 961 rx.
1767 853 1830 960 na

657 1068 802 1154 quaedam
824 1079 866 1134 est
886 1066 1001 1143 insuia,
1042 1063 1112 1127 sed:
1147 1064 1243 1128 omnis
1261 1074 1343 1128 terra
1440 1064 1567 1128 'colitur
1588 1089 1607 1129 a
1628 1067 1710 1130 uobis
1725 1089 1827 1153 parua

656 1154 801 1240 quaedam
824 1165 865 1218 eet
884 1153 998 1227 insula,
1041 1149 1113 1234 quia
1135 1156 1167 1212 et
1192 1149 1329 1233 singulae
1354 1083 1439 1211 <blm

655 1260 766 1323 parvae
788 1239 938 1325 quaedam
961 1235 1138 1301 efficiuntur
1164 1233 1282 1298 insulae
1309 1254 1423 1299 oceano
1446 1234 1493 1300 bis
1515 1257 1580 1311 eas,
1619 1246 1656 1303 ut
1683 1237 1851 1318 diximus,-

654 1326 818 1390 ambiente.
861 1322 976 1389 Omnia
998 1321 1073 1385 haec
1095 1327 1167 1384 ante
1188 1319 1295 1384 oeulos
1322 1320 1422 1384 locare
1444 1329 1546 1406 potest
1565 1321 1730 1409 descriptio
1754 1327 1854 1395 sub-'l

654 1411 776 1475 stituta:
803 1431 839 1474 ex
861 1430 922 1494 qua
943 1415 974 1472 et
995 1405 1092 1470 nostri
1115 1405 1208 1469 maris
1230 1404 1391 1489 originem,
1413 1427 1492 1490 quae
1514 1408 1610 1473 totins
1631 1431 1692 1474 una
1717 1420 1774 1490 est,
1793 1420 1826 1477 ot

654 1496 739 1560 rubri
764 1504 856 1581 atque
878 1493 974 1559 Indici
997 1501 1101 1557 ortum
1123 1489 1256 1568 videbis,
1298 1490 1506 1577 Caspiumque
1529 1515 1612 1559 mare
1640 1496 1722 1561 unde
1745 1498 1825 1563 oria-

653 1589 704 1645 tur
724 1581 877 1657 invenies,
911 1579 982 1644 licet
1002 1599 1064 1642 non
1087 1577 1225 1726 ipnorem
1249 1597 1316 1641 esso
1339 1577 1505 1642 nonnullos
1527 1580 1580 1664 qui
1603 1581 1631 1644 ei
1650 1582 1688 1645 de
1709 1603 1824 1649 oceano

1375 1169 1392 1212 e
1415 1157 1563 1234 quattuor
1585 1149 1827 1221 habitationibus

652 1665 822 1750 ingressum
843 1672 965 1751 negent.
1007 1665 1072 1729 Nec
1115 1662 1221 1727 ubiurn
1243 1669 1290 1727 est
1310 1662 1341 1725 in
1362 1663 1445 1726 illam
1466 1684 1591 1749 quoque
1612 1669 1754 1742 australis
1772 1691 1824 1755 ge·

652 1752 735 1817 neris
753 1760 957 1837 temperatam
978 1769 1063 1813 mare
1085 1747 1123 1812 de
1145 1769 1261 1813 oceano
1281 1747 1424 1814 similiter
1445 1749 1589 1814 inlluere:
1618 1753 1670 1816 sed
1693 1754 1823 1820 describi

651 1837 711 1901 boc
733 1845 837 1902 nostra
860 1833 1056 1901 attestatione
1086 1854 1148 1898 non
1171 1833 1291 1910 debuit,
1328 1834 1415 1899 ouius
1436 1834 1513 1899 situs
1539 1836 1628 1900 nobis
1650 1837 1824 1924 incognitus

651 1930 836 2006 perseverat.
889 1920 983 1999 Quod
1017 1928 1120 1984 autem
1154 1919 1232 1984 dixit
1265 1926 1402 1985 nostram
1438 1919 1637 1986 habitabilem
1668 1928 1854 2010 anqustamss

650 2008 816 2085 uertimbus,
839 2007 979 2071 lateribus
999 2005 1142 2080 laederent,
1166 2005 1198 2068 in
1220 2004 1326 2069 eadem
1350 2005 1556 2091 descriptione
1578 2009 1749 2093 poterimus
1771 2011 1824 2076 ad-

650 2101 780 2157 vertere.
823 2094 902 2157 Nam
925 2098 1042 2177 quanto
1064 2090 1184 2174 longior
1205 2098 1253 2156 est
1277 2091 1414 2175 tropicus
1436 2092 1568 2158 circulus
1591 2096 1824 2179 septentrionali

650 2178 748 2255 oireo,
781 2186 867 2243 tanto
889 2199 966 2242 zona
988 2176 1153 2243 verticibus
1176 2196 1268 2261 quam
1298 2176 1444 2241 lateribus
1467 2178 1628 2260 angustior
1649 2190 1710 2244 est:
1747 2183 1823 2266 quia

651 2264 812 2329 summitas
841 2263 907 2328 eius
933 2263 966 2327 in
992 2269 1093 2326 artum
1120 2260 1250 2326 extremi
1277 2261 1390 2360 cinguli
1419 2263 1569 2328 brevitate
1596 2264 1874 2358 contrahiturqrss]

651 2349 795 2414 deductio
815 2359 919 2414 autern
940 2349 1071 2413 laterum
1091 2368 1161 2411 eum
1183 2345 1375 2430 longitudine
1396 2347 1505 2432 tropici
1526 2349 1564 2413 ab
1582 2357 1715 2435 utraque
1736 2362 1823 2438 parte

651 2435 845 2500 distenditur.
887 2434 1031 2519 Denique
1056 2442 1183 2498 ratores
1214 2454 1339 2497 omnem
1371 2432 1568 2519 habitabilem
1601 2443 1738 2501 nostram
1769 2460 1823 2503 ex·

651 2529 755 2585 tentae
777 2520 928 2607 chlamydi
951 2519 1082 2585 similem
1105 2539 1172 2584 esse
1195 2517 1349 2584 dixerunt
1406 2520 1485 2585 Item
1513 2520 1586 2604 quia
1607 2522 1709 2587 omnis
1731 2527 1852 2601 terra,ll

651 2607 683 2670 in
705 2629 765 2692 qua
789 2615 820 2672 et
842 2626 976 2672 oceanus
997 2612 1053 2683 est,
1074 2604 1114 2670 ad
1131 2605 1272 2692 quemvis
1291 2605 1452 2670 caelestem
1472 2605 1619 2671 circulum
1643 2609 1730 2692 quasi
1752 2630 1823 2675 oen-

649 2701 720 2757 tron
740 2693 845 2778 puncti
869 2692 988 2778 optinet
1009 2691 1128 2768 locum,
1155 2691 1327 2770 necessario
1350 2691 1388 2755 de
1410 2712 1525 2757 oceano
1548 2692 1672 2758 adiecit:
1704 2697 1759 2781 qui
1778 2707 1823 2760 ta·

648 2801 715 2844 men
736 2792 816 2845 tanto
838 2780 960 2844 nomiae
981 2800 1072 2866 quam
1093 2778 1133 2842 sit
1147 2799 1282 2864 paruus,
1313 2777 1403 2843 eriles.
1452 2778 1531 2846 Nam
1560 2778 1631 2844 licet
1655 2782 1737 2866 apud
1765 2803 1822 2846 nos

1448 2987 1532 3049 [Erld.
1552 2987 1763 3059 vieehgspdeb.

650 3070 770 3137 intelligi
797 3069 877 3120 s-uP.
927 3070 1046 3138 intelligi
1072 3070 1172 3122 noluit
1198 3069 1231 3121 B.
1261 3097 1296 3109 —
1326 3086 1414 3137 parea
1439 3080 1478 3122 eet
1499 3073 1628 3138 quaedam
1654 3074 1744 3125 insula
1772 3073 1824 3126 Μ.

649 3140 884 3204 peraequandum
902 3137 991 3188 insuta
1007 3145 1046 3188 est
1065 3137 1142 3189 Rro.
1177 3139 1308 3205 quaedam
1324 3154 1412 3204 parua
1429 3138 1518 3189 insula
1535 3147 1573 3190 est
1591 3140 1622 3191 m
1638 3158 1670 3180 ·-
1690 3143 1750 3192 sed:
1768 3159 1824 3192 our·

650 3207 693 3256 nis
770 3215 807 3255 eet
824 3205 913 3256 insula
930 3222 984 3256 om.
1003 3204 1057 3257 SD.
1074 3234 1109 3244 -
1129 3223 1146 3256 a
1163 3206 1249 3257 nobie
1266 3204 1298 3254 C.
1315 3232 1349 3243 -
1365 3205 1455 3256 insula
1474 3215 1512 3258 est
1528 3207 1597 3258 Rlb.
1619 3236 1651 3246 —
1670 3209 1734 3278 qaia
1751 3210 1823 3278 sing.

652 3279 721 3333 (orn.
739 3279 777 3333 et)
797 3271 963 3324 FBssBrrn.
984 3302 1015 3310 —
1036 3282 1066 3325 ut
1083 3272 1209 3338 diximus]
1231 3273 1244 3337 b
1263 3276 1286 3323 t.
1304 3278 1333 3322 et
1351 3289 1375 3323 o.
1393 3276 1419 3336 b,
1437 3272 1450 3337 5
1469 3278 1492 3324 θ.
1510 3302 1544 3312 -
1561 3277 1691 3327 ambiente
1707 3284 1738 3328 set
1754 3277 1826 3327 diri·

651 3358 709 3391 mue
727 3340 759 3390 F.
914 3346 940 3390 7.
973 3348 1059 3407 potest
1077 3342 1165 3393 locare
1183 3340 1215 3391 F.
1233 3367 1265 3379 -
1282 3341 1523 3407 eorrumpere.
1540 3343 1643 3407 Base
1663 3359 1717 3394 esee
1732 3344 1826 3396 nullos

651 3424 676 3461 v.
696 3437 729 3447 -
748 3424 845 3459 oceano
863 3411 932 3466 (orn.
947 3409 992 3468 de)
1012 3408 1046 3459 G.
1068 3438 1093 3447 -
1116 3415 1229 3478 negant
1247 3406 1277 3457 12.
1296 3409 1403 3469 -JVee
1422 3416 1460 3459 est
1475 3410 1584 3461 dubium
1600 3410 1632 3461 B.
1649 3437 1685 3451 -·
1701 3411 1824 3480 incogni-

652 3485 695 3528 tus
714 3477 789 3527 nobis
804 3484 955 3541 perseverat
975 3478 1026 3526 lit.
1177 3480 1203 3526 8.
1237 3483 1357 3527 nostram
1376 3477 1543 3528 habitabilem
1561 3479 1629 3531 dixit
1647 3477 1725 3531 ΟΠ).
1775 3497 1825 3530 no·

651 3553 734 3595 stram
753 3543 972 3594 habitationem
996 3545 1065 3595 elisit
1086 3542 1120 3595 0.
1147 3571 1182 3584 -
1211 3550 1400 3612 angustatam
1424 3544 1527 3611 eath
1550 3546 1583 3606 (h
1607 3547 1635 3598 in
1656 3563 1713 3615 mg.
1733 3564 1768 3598 en
1811 3576 1825 3585 ·

651 3618 742 3671 stam).
759 3640 794 3648 —·
817 3611 937 3662 latiorem
956 3613 1082 3663 luteribus
1100 3612 1151 3661 tta.
1187 3612 1307 3664 latiorem
1325 3617 1395 3672 (οιιι.
1415 3612 1556 3674 luteribus)
1580 3631 1657 3669 1,-
1680 3616 1715 3667 id
1732 3632 1763 3665 ea
1784 3632 1823 3667 eea

651 3698 671 3748 g
689 3681 716 3731 ia
733 3695 790 3747 mg.
825 3677 904 3741 „Non
925 3680 1089 3731 absonam.“
1107 3679 1187 3731 Pont.
1203 3708 1236 3718 -
1253 3680 1394 3733 aduertere
1408 3687 1485 3749 (sap.
1502 3682 1566 3733 add.
1579 3684 1705 3751 probare)
1722 3684 1774 3734 Rl.
1788 3704 1824 3723 ⁶—

652 3750 759 3800 eatremi
777 3747 884 3799 circuli
901 3746 974 3799 clii.
993 3778 1026 3787 -
1041 3748 1203 3816 destructio
1219 3748 1272 3799 Ht.
1424 3753 1453 3806 9.,
1485 3758 1612 3803 centrum
1630 3751 1707 3803 ΕΜ.
1726 3776 1759 3790 ·-
1777 3746 1823 3803 'ob-

684 3958 711 4003 7.
746 3953 896 4021 descriptio]
926 3952 988 4004 Vid.
1010 3952 1059 4022 fig.
1083 3954 1129 4005 Vl.
1170 3954 1212 4006 En
1262 3968 1308 4019 gr.
1330 3952 1357 4004 d.
1380 3952 1495 4005 Grieclr.
1520 3973 1547 4007 u.
1571 3957 1652 4009 Rem.
1674 3957 1770 4022 Ην,
1794 3975 1822 4025 p.

651 4038 723 4086 qnae
743 4021 902 4072 Macrobius
925 4022 995 4073 dicit
1018 4040 1100 4088 presse
1120 4019 1212 4074 videri
1263 4024 1314 4071 336
1333 4038 1392 4087 sqq.
1415 4024 1459 4074 erl.
1475 4023 1497 4074 1.

651 4090 679 4140 in
699 4089 897 4154 descriptione,
914 4089 941 4140 in
957 4090 1003 4153 iis,
1019 4107 1091 4156 quea
1107 4089 1134 4140 in
1153 4090 1213 4142 adi·
1297 4090 1425 4141 australis
1450 4090 1571 4158 generis]
1599 4107 1639 4141 se.
1668 4090 1823 4143 hominum.

651 4156 689 4207 tis
707 4156 789 4206 libris
808 4164 882 4217 sunt,
901 4158 1016 4208 minime
1036 4156 1213 4223 conspician—
1263 4154 1306 4206 Gi.
1324 4156 1337 4221 5
1354 4161 1381 4205 5.
1398 4158 1468 4208 inter
1484 4174 1533 4208 nos
1549 4165 1574 4208 et
1593 4161 1725 4210 australes
1739 4158 1823 4210 hoeni-

653 4233 710 4286 tnr‚
739 4224 920 4288 quamobrem
941 4225 1066 4289 expressi
1085 4224 1212 4292 descrip-
1262 4240 1322 4284 nes,
1340 4229 1368 4273 et
1386 4240 1410 4274 a.
1428 4230 1458 4285 t,
1477 4224 1490 4289 §
1511 4228 1549 4275 lt.

651 4292 755 4344 tionem
775 4308 845 4355 quae
865 4298 909 4342 est
931 4293 957 4342 in
980 4292 1088 4344 eoem
1296 4294 1322 4340 8.
1357 4298 1432 4342 tanto
1464 4308 1534 4342 eone
1568 4292 1708 4343 uerticibus
1742 4309 1822 4360 quam
1894 4288 1906 4312 “

686 4375 740 4410 esse
765 4360 905 4410 nonnullos
934 4361 980 4425 qni
1004 4361 1029 4410 ei
1056 4362 1089 4411 de
1116 4377 1212 4413 oceano
1262 4357 1390 4409 lateribus
1415 4361 1557 4427 angustior
1581 4361 1629 4428 est]
1659 4359 1718 4411 Non
1747 4368 1824 4411 recte

651 4427 800 4494 ingressum
823 4426 932 4495 negent]
958 4427 1037 4477 llaec
1058 4444 1124 4479 vern
1148 4446 1212 4479 san·
1261 4425 1422 4476 Macrobius
1440 4427 1586 4479 Ciceronis
1607 4428 1693 4479 verba
1713 4427 1826 4479 videtur

653 4494 740 4545 tentia
779 4495 940 4545 obtinuerat
980 4496 1052 4561 apud
1091 4503 1212 4558 veteres,
1262 4493 1454 4559 interpretari,
1473 4496 1575 4561 quihus
1589 4496 1663 4547 nihil
1681 4496 1757 4548 aliud
1777 4513 1826 4547 ex-

650 4563 825 4613 }lerorlotnrn
845 4562 1057 4628 (hm-204),
1076 4565 1210 4617 Arietate·
1262 4561 1358 4611 istimo
1378 4564 1526 4626 contineri,
1545 4563 1600 4615 nisi
1618 4571 1722 4615 terram
1742 4580 1822 4615 ano·
1890 4579 1892 4588 ·

651 4633 722 4693 lem,
752 4630 918 4690 Diodorumr
956 4630 1056 4681 deinde
1081 4639 1212 4683 revocata
1262 4629 1307 4680 bis
1331 4629 1488 4681 habitatam
1508 4632 1599 4699 magis
1622 4633 1658 4683 ab
1678 4631 1824 4683 occidente

651 4704 695 4750 est
720 4715 736 4750 n
757 4699 920 4749 Ptolemaeo
942 4699 977 4748 de
1001 4716 1056 4764 qun
1079 4699 1133 4750 vid.
1157 4700 1211 4751 Eu·
1262 4697 1385 4747 distendi
1404 4701 1437 4749 ad
1457 4698 1610 4763 orientem,
1630 4716 1747 4766 quesne
1764 4717 1823 4751 ms·

651 4766 738 4819 stath.
758 4767 785 4817 in
800 4767 914 4832 Dionys.
935 4766 1075 4834 Periegot.
1094 4770 1137 4817 48.
1146 4760 1211 4819 Ὅτε
1261 4764 1335 4816 ridie
1353 4766 1388 4815 ed
1405 4769 1635 4833 septentrionem.

650 4830 702 4899 τὴν
721 4833 851 4887 Κασπίαν
870 4828 1018 4885 θάλασσαν
1041 4835 1211 4900 Πτολεμαῖος
1295 4839 1417 4885 extentae
1450 4835 1592 4903 chlamydi·
1616 4834 1739 4903 sissilern]
1777 4834 1821 4885 (il.

649 4899 699 4967 aba
720 4901 878 4967 λιμνοειδῶς
902 4897 1091 4969 περιγράφων,
1117 4917 1210 4968 περιο-
1260 4898 1364 4951 Strabo
1390 4902 1431 4966 ll,
1461 4922 1488 4971 p.
1512 4909 1583 4968 trs„
1618 4904 1671 4966 xl,
1701 4921 1728 4968 p.
1749 4907 1821 4967 stu,

651 4964 783 5021 δεύεσθαι
800 4964 869 5036 λέγει
885 4968 950 5038 πεζῇ
968 4968 1117 5039 βαδίζουσι.
1153 4967 1209 5031 mit
1260 4967 1400 5037 Forbiger
1417 4971 1522 5041 Geogr.
1539 4974 1566 5024 t.
1586 4973 1635 5025 Gr.
1655 4989 1680 5025 u.
1699 4973 1733 5023 R.
1753 4972 1775 5034 l,
1794 4987 1821 5036 p.

651 5044 821 5102 putaverant
843 5047 963 5104 angusto
987 5045 1015 5089 et
1034 5041 1118 5106 longo
1137 5039 1210 5088 ireto
1262 5040 1312 5088 leo
1328 5046 1355 5089 et
1370 5040 1430 5089 ars.

650 5105 732 5169 qnasi
752 5104 868 5156 fluvium
892 5106 919 5156 in
943 5112 1033 5157 terras
1054 5106 1210 5173 irrumpere
1294 5110 1320 5155 9.
1358 5108 1453 5173 puncti
1483 5109 1582 5176 optinet
1613 5105 1707 5173 laeum]
1742 5104 1820 5155 Idem

651 5172 705 5222 hoc
723 5188 814 5233 mare,
845 5173 880 5223 ol.
897 5172 970 5223 Plio.
989 5173 1077 5226 N..ll.
1095 5175 1143 5239 Vl,
1168 5176 1210 5237 12,
1261 5172 1415 5240 rogitant,
1443 5179 1489 5239 16,
1517 5181 1557 5239 6.,
1595 5182 1625 5226 et
1646 5174 1715 5225 ibid.
1742 5171 1755 5236 §
1780 5176 1821 5224 10.

651 5257 675 5289 s.
695 5244 749 5300 15„
766 5240 863 5305 Pomp.
882 5240 1031 5305 Metalli,
1048 5246 1089 5307 5.,
1108 5242 1210 5294 Strabo
1258 5242 1353 5306 puncti
1378 5245 1502 5296 medum
1528 5244 1658 5312 optinere,
1695 5239 1769 5291 iutra
1797 5257 1822 5291 e.

651 5305 700 5370 lll,
719 5325 745 5374 p.
757 5305 807 5357 but
821 5323 879 5373 sqq.
914 5307 975 5359 vis.
994 5309 1124 5364 Menuert
1136 5311 1211 5363 Geo-
1262 5312 1305 5373 lt),
1324 5309 1338 5376 b
1356 5313 1381 5361 3.
