5092 6425
699 894 762 960 244
1184 888 1391 957 uncuoult

702 1083 770 1128 rem
798 1081 865 1126 csse
893 1059 1062 1144 praesentis
1097 1058 1316 1144 paenultimam
1349 1056 1545 1123 observatum
1576 1062 1637 1122 est.
1684 1055 1759 1123 Nec
1784 1064 1873 1122 tamm

702 1148 857 1231 reciproca
879 1153 926 1209 est
948 1143 1129 1221 necessitas,
1149 1152 1200 1220 ut,
1222 1143 1366 1228 quotiens
1386 1141 1487 1209 brevis
1507 1150 1555 1207 est
1577 1141 1784 1227 paenultima
1802 1163 1874 1228 prae

701 1232 806 1308 sentis,
828 1234 859 1294 Ε
879 1238 950 1294 ante
974 1230 1008 1293 Ω
1029 1227 1069 1293 sit
1089 1229 1120 1293 in
1138 1227 1259 1293 futuro:
1279 1248 1349 1292 ecce
1371 1228 1452 1293 enim
1474 1229 1541 1291 νοῶ
1563 1223 1690 1311 νοήσω,
1718 1229 1813 1312 φιλῶ
1833 1253 1875 1312 φο

672 1313 796 1400 Ἰλήσω.
857 1313 997 1380 Secunda
1020 1313 1194 1399 coniugatio
1214 1320 1268 1377 aut
1292 1315 1330 1376 H
1351 1321 1422 1377 ante
1447 1314 1481 1375 Ω
1503 1312 1534 1377 in
1557 1311 1668 1378 l'uturo
1692 1313 1812 1391 habet,
1848 1321 1875 1378 nt

700 1398 788 1468 ὀπτῶ
807 1393 956 1483 dutinus
983 1406 1036 1465 aut
1056 1401 1087 1460 A
1107 1397 1307 1484 productum,
1328 1406 1363 1463 ut
1382 1395 1530 1481 neptium:
1555 1406 1610 1462 aut
1634 1402 1669 1460 A
1689 1407 1875 1485 correptum,

700 1497 736 1554 ιιι
758 1481 892 1568 γελάσω.
936 1482 1234 1570 Deprehensumque
1263 1492 1311 1548 est
1337 1504 1445 1549 eorum
1468 1482 1646 1549 futurarum
1672 1484 1768 1549 Ain
1795 1505 1875 1570 paen-

700 1573 808 1638 ultima
834 1569 961 1658 produci
991 1588 1124 1654 querum
1156 1589 1300 1653 praesens
1328 1576 1382 1633 aut
1410 1568 1524 1634 nullam
1552 1578 1792 1635 consonantem
1815 1577 1874 1634 ante

651 1660 759 1743 [ΜΩ
782 1663 836 1722 aut
856 1658 887 1718 P
905 1653 1015 1731 habet,
1047 1650 1089 1717 lei
1112 1649 1213 1733 ἐάσω,
1249 1655 1337 1737 περῶ
1358 1650 1505 1737 κεράσω,
1541 1653 1572 1718 in
1594 1655 1802 1722 contrarium
1823 1676 1873 1720 nm

700 1742 849 1807 redeunte
878 1738 1075 1816 necessitate,
1111 1738 1262 1838 siquidem
1288 1739 1356 1823 χρω
1383 1735 1492 1823 χρήσω
1523 1738 1594 1804 lacit
1625 1748 1661 1805 ct
1691 1737 1809 1823 ἐγγυῶ
1836 1737 1872 1823 lp-

699 1823 825 1909 γυήσωε
863 1824 925 1888 illic
945 1842 1020 1888 vcro
1047 1822 1158 1909 corripi
1181 1823 1234 1890 ubi
1261 1824 1292 1889 in
1316 1824 1563 1911 praesentiente
1588 1826 1622 1886 Ω
1654 1828 1688 1887 Λ
1711 1826 1872 1899 invenitur,

699 1912 781 1994 γελῶ
801 1904 943 1992 γελάσω·
968 1907 1020 1972 sed
1043 1929 1100 1973 nec
1121 1908 1152 1973 iu
1173 1907 1232 1974 boe
1255 1908 1330 1973 hacc
1350 1908 1381 1972 in
1402 1930 1435 1974 se
1458 1908 1620 1974 necessitas
1645 1909 1751 1988 redit,
1777 1911 1872 1976 eniti

699 1991 855 2078 κολλήσω.
901 1989 1053 2057 Πεινάσω
1086 2002 1189 2059 autem
1220 2002 1253 2058 et
1278 1989 1405 2070 duddan
1431 1993 1543 2059 Dorica
1578 2001 1653 2058 suut
1688 2017 1753 2080 per
1787 1996 1871 2062 solen

701 2083 837 2157 literam,
871 2100 933 2143 non
962 2078 1054 2143 etiam
1084 2099 1139 2164 per
1158 2087 1335 2144 accentum:
1377 2078 1522 2144 illicnim
1545 2078 1687 2144 inomni
1711 2080 1872 2146 suturnia

671 2167 738 2234 8Ω
766 2165 924 2230 desinente
954 2164 1094 2228 ultimam
1125 2164 1378 2231 eircumlleetunt
1420 2164 1524 2229 Tertia
1556 2171 1611 2228 aut
1642 2166 1681 2227 Ω
1714 2166 1751 2230 in
1790 2188 1872 2252 paen·

700 2251 808 2316 ultima
836 2249 930 2315 luturi
958 2247 1052 2313 habet
1078 2256 1132 2314 aut
1163 2251 1209 2314 0:
1248 2247 1376 2313 sedhic
1405 2257 1486 2314 certa
1513 2247 1671 2313 distinctio
1695 2258 1760 2316 cst
1804 2253 1873 2320 Nan

702 2336 794 2402 rerba
815 2355 895 2420 quae
917 2333 1083 2399 derivativa
1105 2341 1178 2398 sunt
1201 2335 1236 2398 Ω
1259 2333 1389 2411 habent,
1415 2354 1493 2420 quac
1514 2354 1587 2399 reru
1610 2333 1803 2422 principalia
1826 2358 1873 2403 nec

702 2442 739 2485 ex
761 2419 821 2485 alio
843 2426 937 2484 tracta
962 2419 1007 2484 0:
1036 2415 1166 2498 τέκνον,
1191 2421 1295 2483 τεκνῶ
1314 2414 1481 2483 venusium·
1514 2416 1695 2502 στέφανος,
1723 2424 1873 2505 στεφανῶ

701 2500 919 2587 crepacem:
953 2499 1022 2585 ὀμῶ
1044 2513 1147 2570 autem
1170 2499 1279 2588 ἀμοῖς,
1323 2505 1374 2569 uia
1397 2526 1458 2568 neu
1480 2503 1650 2569 derivatum
1676 2514 1743 2584 est,
1770 2503 1873 2591 ὁμάσω
1919 2564 1920 2569 ,

671 2589 772 2656 9lacit
793 2595 825 2651 et
845 2583 915 2670 άρῶ
945 2584 1038 2672 άροῑς
1063 2584 1181 2673 άράσω.
1225 2526 1321 2674 Apud
1338 2589 1472 2654 Graecos
1494 2610 1557 2654 non
1578 2588 1666 2654 l'acilc
1691 2592 1799 2676 prima
1819 2595 1871 2679 syl·

701 2674 769 2739 laba
787 2672 955 2757 praesentis
975 2681 1112 2740 mutatur
1130 2674 1161 2739 in
1182 2674 1296 2751 lutura,
1312 2673 1395 2760 quod
1415 2673 1588 2758 praemissis
1608 2676 1732 2759 patebit
1753 2679 1871 2763 regulis

700 2761 853 2824 Futurum
876 2756 956 2841 apud
982 2758 1050 2822 illes
1072 2759 1207 2824 alterne
1235 2759 1356 2824 duobus
1383 2759 1457 2823 locis
1482 2767 1638 2837 movetur,
1678 2770 1738 2827 aut
1767 2764 1872 2830 ultimo

700 2852 754 2909 aut
776 2841 974 2929 paenultima.
1016 2841 1149 2907 Ultimus
1172 2842 1293 2908 duobus
1313 2843 1412 2908 medis
1437 2851 1593 2920 movetur,
1618 2853 1673 2909 aut
1699 2847 1804 2913 literis
1824 2857 1871 2915 aut

700 2937 845 2994 accentu:
882 2926 993 3003 literis,
1018 2933 1054 2990 ut
1076 2923 1194 3012 γράφω
1220 2922 1354 3011 γράψω,
1384 2923 1495 2993 νάσσω
1515 2926 1622 3007 vdua.-
1660 2943 1815 3011 aecantu,
1841 2942 1872 3000 ut

652 3011 787 3096 Ιθνέμω
806 3013 909 3094 rapui,
942 3008 1027 3095 δέρω
1049 3011 1141 3097 δερῶ.
1185 3013 1227 3078 Et
1247 3034 1317 3078 cum
1340 3022 1482 3079 meretur
1503 3014 1646 3092 ultimus,
1684 3038 1751 3082 non
1776 3020 1873 3085 omni·

700 3098 793 3164 modu
814 3105 917 3163 movet
940 3097 1178 3182 paenultimum:
1210 3106 1313 3164 metus
1335 3106 1438 3163 autem
1462 3099 1666 3184 paenultimae
1689 3105 1874 3170 omnimode

700 3184 840 3251 ultimam
861 3190 978 3249 movet:
1007 3177 1127 3269 άγείρω
1149 3179 1271 3268 άγερῶ,
1293 3183 1413 3267 μιαίνω
1434 3187 1549 3266 puerei.
1591 3184 1651 3250 llic
1671 3189 1759 3254 enim
1784 3190 1873 3257 etde

700 3269 887 3357 paenultima
913 3268 1067 3336 subtracta
1091 3277 1137 3336 cst
1158 3271 1262 3349 litera,
1299 3278 1331 3335 ct
1356 3269 1388 3334 in
1416 3270 1555 3335 ultimam
1583 3271 1693 3338 cecidit
1717 3286 1873 3343 accentus.

767 3439 821 3494 Mn.
839 3440 885 3502 l’.]

697 3529 723 3574 1.
758 3525 791 3575 in
809 3524 968 3575 centrarium
986 3521 1088 3591 ecripei
1105 3539 1120 3574 e
1135 3522 1207 3576 ceni.
1224 3523 1376 3593 Opeepeel‚
1393 3522 1440 3590 qul
1461 3522 1570 3575 contere
1587 3522 1614 3574 id
1633 3523 1707 3589 qued
1727 3528 1870 3593 requitur:

698 3591 763 3641 haee
781 3592 813 3641 in
831 3607 864 3641 ee
880 3593 1021 3644 necessitas
1037 3592 1139 3643 redit.
1175 3594 1336 3644 centrarium
1356 3598 1425 3653 [cnr.
1444 3594 1486 3651 ie)
1506 3590 1609 3642 llddd'.
1634 3619 1670 3630 -
1689 3585 1781 3659 ἐγγυῶ
1800 3603 1868 3657 (aar.

698 3661 737 3715 ct)
755 3656 823 3706 Edd.
842 3682 875 3694 -
893 3652 1011 3708 πινάσω
1030 3658 1132 3709 Eddl’.
1283 3664 1310 3709 8.
1344 3656 1552 3725 estimaveram.
1571 3660 1653 3726 p2·lr;
1675 3665 1869 3726 reponendum

698 3739 761 3772 eene
780 3720 850 3772 vidit
866 3721 950 3772 zoua.
977 3751 1005 3762 -
1031 3722 1160 3775 ΟΜΩ..
1181 3721 1357 3775 ΟΜΟΙΣ..
1377 3724 1525 3778 ΟΜΟΣΩ
1542 3726 1572 3776 Ρ.
1612 3718 1675 3791 dicei
1693 3762 1720 3778 ..
1740 3723 1868 3795 dpoic..

699 3784 795 3853 άμόοω
812 3787 882 3837 Edd.
1034 3793 1076 3839 lu.
1112 3790 1244 3841 ΜΑΙΝΩ
1263 3791 1380 3843 ΜΑΝΩ
1403 3792 1433 3844 P.
1471 3793 1526 3845 Sed
1545 3793 1581 3845 et.
1600 3793 1613 3859 5
1633 3797 1673 3843 ll.
1695 3822 1732 3833 —-
1756 3798 1785 3848 ie
1803 3799 1868 3852 utti-

697 3870 768 3907 mum
785 3853 888 3906 recidit
905 3852 978 3904 ecel.
1003 3854 1088 3905 Zcun.

697 4006 749 4059 tie:
786 4004 835 4057 ned
858 4003 933 4056 haud
954 4009 1031 4056 reete
1052 4002 1188 4072 scripturn
1212 4010 1256 4089 pet
1306 4006 1340 4057 ad
1360 4006 1515 4089 l’lrrpniclr.
1534 4010 1649 4090 puilia
1682 4010 1760 4072 „Pro
1778 4028 1799 4062 π
1850 4007 1869 4051 '-

696 4069 1256 4208 tltttmlllttllt‚⁰¹22ttltt
1306 4076 1869 4210 lllltttl'tllllltttt“utu

697 4206 823 4276 στορέσω.
858 4210 978 4261 Verbum
998 4209 1088 4291 ipsum
1106 4209 1185 4276 φορῶ
1208 4208 1256 4261 hic
1305 4210 1394 4280 τροπῇ
1422 4210 1553 4262 cll'ectnm
1584 4211 1697 4262 trudunt
1721 4229 1868 4279 gramma·

697 4278 818 4345 paritum
835 4293 888 4329 nnn
907 4277 995 4327 luisse
1012 4277 1076 4328 rnde
1094 4277 1255 4344 collegerit.
1306 4276 1365 4327 tici.
1400 4276 1430 4327 V.
1449 4277 1541 4345 Etym.
1560 4294 1584 4329 e.
1601 4295 1627 4329 v.
1647 4272 1749 4346 βοήσω,
1774 4281 1867 4335 Draco

696 4344 768 4410 qnod
785 4345 839 4395 hee
857 4342 1011 4410 praemisso
1029 4360 1082 4395 nnn
1101 4344 1168 4396 eliis
1186 4360 1255 4410 epus
1305 4360 1331 4408 p.
1353 4346 1392 4392 le.
1426 4343 1523 4396 Selrel.
1547 4344 1574 4396 in
1592 4346 1673 4396 llien.
1690 4346 1817 4399 Grarnm.
1839 4366 1867 4415 p.

697 4417 758 4461 erut
777 4410 870 4461 verbi·
886 4410 988 4475 qullrue
1006 4412 1172 4476 preberetur
1189 4428 1254 4475 non,
1304 4411 1385 4460 ew
1405 4415 1458 4461 ete.
1477 4440 1510 4450 -
1529 4413 1607 4464 llaec
1627 4414 1761 4480 leguntur
1781 4415 1809 4466 in
1829 4416 1867 4467 Η.

695 4475 823 4543 quatiens
854 4476 948 4527 brevis
978 4483 1055 4529 esset
1083 4478 1254 4545 paenultima
1304 4475 1402 4544 Steph.
1421 4476 1510 4530 Tlree.
1532 4481 1581 4531 Gr.
1604 4479 1635 4530 [ι.
1657 4496 1679 4531 ι.
1697 4497 1725 4530 v·
1751 4478 1867 4548 πεινάω,

695 4542 868 4610 praesentis,
901 4543 1006 4595 Eanta
1026 4544 1054 4596 Ω
1071 4562 1133 4598 eene
1159 4545 1186 4597 in
1209 4546 1253 4598 lu·
1303 4544 1351 4595 ubi
1375 4544 1487 4596 additur
1504 4545 1641 4598 (llreereb.
1661 4546 1688 4598 ln
1706 4546 1819 4600 Theed.
1836 4567 1865 4617 p.

696 4618 769 4662 turn.
803 4610 1061 4664 dtenrnlnnillnnr
1079 4612 1254 4665 observatiu-
1304 4614 1368 4674 655,
1393 4616 1418 4663 6.
1457 4611 1593 4666 Futurum
1626 4607 1736 4681 διψάσω
1763 4620 1867 4670 neutro

696 4693 773 4739 nem,
792 4678 921 4742 quotiens
940 4678 967 4731 in
988 4680 1082 4732 future
1101 4680 1126 4731 E
1143 4685 1207 4732 ente
1227 4680 1254 4732 Ω
1304 4680 1366 4730 lacn
1385 4688 1627 4734 commemoretur.

694 4750 828 4812 parentur,
862 4746 974 4797 lrrcvem
1005 4764 1069 4799 eece
1095 4747 1253 4813 praesenti·

695 4810 897 4879 paenultimam
922 4813 1012 4870 nihili
1046 4831 1109 4865 esre
1139 4814 1252 4867 demen-

693 4885 770 4933 trarrl
785 4880 873 4931 verba
894 4877 963 4930 αἰνῶ
982 4885 1010 4931 et
1027 4874 1111 4946 άρκῶ.

727 4986 753 5032 t.
787 4971 908 5045 stapelen]
942 4977 1003 5029 Hae
1031 4977 1080 5029 nbi
1110 4976 1252 5045 significet
1302 5011 1322 5062 ,ἰ

692 5048 824 5110 transite,
842 5062 861 5096 α
878 5044 983 5096 lralrere
1001 5044 1181 5111 productum,
1200 5047 1249 5099 ced

1336 4778 1389 4845 illi]
1412 4795 1452 4830 ec.
1470 4777 1579 4841 Dorici,
1603 4779 1676 4845 qued
1693 4784 1737 4832 cel
1754 4779 1866 4835 iutelli-

1302 4846 1425 4913 gendum
1442 4863 1475 4897 cx
1492 4847 1668 4899 antecedenti
1681 4848 1780 4900 Derien
1791 4859 1865 4905 sent.

1335 4948 1360 4997 9.
1396 4944 1465 5012 pund
1484 4947 1638 5011 praemissis
1656 4948 1758 5015 patebit
1778 4966 1862 5019 rege-

1323 5012 1346 5077 s]
1371 5013 1446 5074 „dut
1461 5013 1572 5079 corrige
1588 5016 1788 5082 posterioribus,
1813 5022 1865 5070 unt

692 5120 864 5183 correptum,
898 5112 946 5164 unt
961 5112 1105 5182 significet
1126 5114 1249 5180 vendam,
1301 5084 1395 5207 33:¹2⁹,
1414 5078 1864 5217 ‘illmrdddtealfflopgsrqum:

692 5185 793 5236 ‘¹⁰⁰⁰”t
810 5180 997 5250 mmmm·
1299 5212 1367 5265 ter.“
1384 5211 1469 5263 Zrnn.
1489 5240 1516 5249 -
1538 5213 1701 5282 lntelligee:
1728 5221 1862 5283 ‚‚quarrrlo

725 5278 842 5335 recendens
864 5289 889 5335 ct
911 5275 1032 5350 διψάσω]
1059 5280 1101 5337 (ll.
1125 5282 1248 5338 [sobech.
1299 5282 1381 5331 erunt
1399 5278 1572 5345 praemissae
1590 5284 1738 5350 τοςιιΙροέί
