5092 6425
703 854 769 923 tna
1188 847 1397 917 machoth

706 1022 801 1109 exigit
827 1020 1046 1108 paenultimam
1075 1019 1214 1104 longam,
1254 1018 1324 1086 ideo
1346 1017 1378 1084 in
1405 1018 1633 1106 praesentibus
1654 1019 1865 1170 perisponuaia

707 1107 873 1194 inquibus
895 1105 954 1169 hoo
975 1104 1094 1181 evenit,
1126 1106 1225 1170 solam
1243 1104 1316 1170 lacit
1334 1105 1539 1170 mutationem
1565 1103 1649 1190 sylla
1677 1126 1734 1184 ae,
1768 1113 1803 1171 ut
1818 1106 1866 1171 diri

706 1214 792 1292 urus,
813 1193 925 1255 ΜΕΝ
941 1190 972 1254 in
994 1191 1063 1289 331,
1086 1192 1246 1289 φιλοῦμεν
1266 1191 1417 1288 φιλοῦσι,
1436 1191 1588 1288 οιμῶμεν
1610 1192 1760 1296 rappido,
1783 1206 1866 1276 στεφα-

677 1283 826 1361 Ἰνουμεν
846 1290 1052 1359 στεφανονσι.
1095 1280 1138 1340 nt
1158 1298 1189 1339 ru
1208 1275 1364 1360 harytonra
1383 1283 1415 1340 et
1436 1298 1466 1339 rn
1486 1289 1646 1359 περισπω
1676 1296 1768 1340 evam
1787 1277 1867 1342 futuru

705 1364 790 1429 addit
812 1360 999 1449 penultimae
1027 1364 1067 1437 Τ,
1104 1367 1140 1424 ut
1166 1360 1288 1445 longam
1309 1382 1345 1425 ex
1369 1359 1454 1425 brevi
1475 1360 1586 1432 faeiat.
1647 1382 1758 1444 χομεν
1780 1358 1868 1445 ἔχον,

704 1444 872 1546 πέμπομεν
890 1442 1064 1542 adpetenda,
1084 1439 1264 1544 loldoopev
1286 1441 1480 1543 latdoovoa:
1512 1445 1541 1508 0
1564 1444 1658 1542 enim
1687 1447 1798 1547 litera3
1822 1470 1868 1514 oua

705 1535 786 1633 apud
806 1533 874 1597 rllos
891 1530 1074 1634 naturaiiter
1095 1540 1274 1634 οοψμιλυι·Ξ
1299 1530 1415 1636 adtenta
1441 1534 1471 1593 Τ
1485 1529 1701 1634 produprtur,
1729 1542 1768 1598 ut
1789 1556 1818 1598 ra
1834 1554 1869 1599 no

675 1616 1869 1855 8{1:2¹lttl‘t'tltttrifftddttmttttthttt?{2233
1916 1743 1918 1746 v

738 1810 808 1853 mne
836 1808 910 1871 ergo
937 1786 1064 1851 verbum
1091 1786 1243 1852 Graecum
1269 1786 1352 1871 quod
1381 1787 1412 1850 in
1436 1787 1492 1849 ΣΙ
1515 1787 1707 1871 reppereris
1734 1787 1869 1855 termini

704 1874 813 1939 tertiae
839 1891 987 1957 personae
1009 1891 1076 1936 esse
1098 1870 1262 1957 pronuntia
1288 1880 1416 1957 excepto
1439 1868 1523 1949 ἐσσὶ,
1553 1871 1644 1956 quod
1671 1873 1797 1955 solum,
1820 1894 1868 1941 om

704 1959 748 2025 sic
774 1958 901 2033 desinit,
942 1955 1094 2022 secundae
1126 1964 1173 2021 est
1203 1956 1291 2021 ouius
1317 1957 1414 2041 prima
1443 1953 1516 2038 ἐσμλ
1548 1963 1582 2020 et
1619 1956 1765 2043 pluralia
1796 1961 1870 2047 priua

674 2040 810 2127 9ἑσμὲν.
855 2041 968 2108 Omnia
991 2049 1093 2106 autum
1119 2041 1211 2107 verba
1234 2041 1265 2105 in
1288 2043 1490 2145 Mlpuutant
1512 2042 1577 2104 MI
1596 2040 1630 2105 in
1656 2047 1770 2127 σῖγμα
1795 2044 1870 2111 etia

653 2124 1759 2297 [³⁰lt'thtttllhttlllulitttlrtttlhllltl'tttl
1769 2131 1872 2294 llll

703 2300 841 2366 additura
864 2298 1026 2376 antiniana,
1055 2294 1133 2361 ἐσσὶ.
1177 2298 1219 2362 Et
1238 2318 1295 2383 pro
1318 2305 1365 2362 tor
1384 2295 1587 2361 differentiam
1611 2317 1631 2362 a
1659 2302 1808 2368 secunda
1826 2301 1872 2367 ain

703 2386 801 2471 gulari
843 2384 947 2460 tertia,
1007 2404 1064 2448 uae
1107 2382 1248 2448 similiter
1288 2318 1358 2446 drot
1395 2382 1543 2447 debuerat
1581 2380 1671 2459 fieri,
1717 2387 1872 2473 maumpul

703 2473 778 2549 τοῦ,
813 2467 889 2534 ἐστὶ.
933 2405 1035 2533 l'eiha
1063 2468 1145 2532 errim
1172 2467 1203 2532 in
1232 2469 1297 2531 ΜΙ
1318 2467 1479 2534 terminata
1509 2466 1635 2531 tertiam
1666 2468 1705 2533 in
1739 2475 1799 2537 ΣΙ
1817 2472 1873 2538 mit

655 2554 782 2630 ldtunt,
804 2554 920 2618 δίδωσι
939 2552 1054 2635 ἵστησι.
1092 2551 1200 2631 ¹Omne
1222 2548 1442 2637 παρατατικόν
1460 2551 1647 2617 naturaliter
1671 2553 1709 2618 in
1740 2559 1811 2621 ΟΝ
1824 2566 1873 2623 ter·

702 2637 837 2703 minatur
859 2645 891 2701 et
912 2637 1076 2702 secundam
1120 2657 1261 2701 ersonam
1286 2639 1325 2700 N
1340 2639 1371 2701 in
1392 2642 1491 2721 σῖγμα
1512 2637 1669 2702 mutando
1692 2648 1731 2706 et
1756 2643 1874 2706 oua

701 2721 912 2787 transferendo
935 2722 1061 2805 figurat,
1101 2724 1195 2802 λεγον
1216 2717 1334 2803 ἔλεγες,
1354 2719 1623 2807 torporiosam:
1653 2726 1758 2793 tertia
1780 2727 1815 2793 de
1832 2747 1872 2792 ae·

654 2805 799 2872 lloundu
825 2806 952 2872 ultimae
980 2805 1087 2869 literne
1114 2804 1303 2869 detractione
1332 2808 1478 2891 procedit
1521 2807 1580 2873 Sed
1612 2810 1707 2912 quod
1746 2814 1874 2900 perimo·

700 2912 789 2957 mena
809 2890 841 2955 in
866 2889 964 2955 OYN
979 2889 1026 2956 uel
1049 2888 1081 2954 in
1105 2889 1181 2953 ΩΝ
1196 2888 1358 2964 desinunt,
1397 2890 1535 2957 ἐκάλουν
1556 2891 1731 2977 ἐχμνσοον
1755 2895 1873 2982 ἐτλμον,

699 2977 829 3042 duarum
846 2998 861 3042 s
882 2975 1030 3041 llaharum
1050 2974 1080 3040 in
1101 2996 1195 3041 unam
1216 2977 1384 3042 contractio
1404 2978 1484 3044 lecit
1526 2978 1605 3044 Nam
1625 2977 1799 3066 integrum
1819 2991 1875 3049 erat

700 3056 832 3127 turitano
853 2998 1010 3147 dzptaoov
1028 3059 1176 3145 lalpuov,
1197 3082 1235 3126 ox
1258 3082 1335 3146 quo,
1356 3084 1427 3129 oum
1448 3063 1555 3129 breves
1578 3061 1662 3128 dnae
1684 3068 1874 3136 contrahun

699 3156 761 3228 tur,
782 3148 814 3214 in
837 3169 930 3216 unum
955 3147 1078 3234 longam
1099 3147 1283 3214 coalescunt
1324 3148 1399 3215 Ideo
1419 3152 1452 3214 E
1469 3156 1501 3214 et
1526 3148 1554 3211 0
1575 3149 1610 3214 'a
1651 3169 1694 3215 uo
1721 3154 1755 3217 0
1779 3163 1814 3221 et
1835 3154 1874 3220 θ’

699 3234 731 3300 in
757 3236 819 3299 ΟΥ
833 3234 1014 3300 familiarem
1037 3233 1094 3299 sihi
1120 3233 1347 3320 diphthongum
1373 3241 1598 3311 convenerunt,
1652 3232 1785 3303 κάλεον
1811 3235 1877 3304 ἐκά-

698 3323 797 3399 λονν,
819 3316 976 3405 ἐχούοοον
996 3315 1173 3404 laodonia:
1199 3322 1232 3381 A
1252 3339 1324 3383 vero
1346 3327 1378 3383 et
1403 3319 1483 3383 Oin
1508 3320 1558 3398 Ω,
1581 3316 1723 3400 ἐτίμαον
1747 3321 1875 3407 ἐτίμων.

651 3404 772 3472 ttldeo
791 3413 823 3471 et
843 3407 976 3473 secunda
998 3426 1129 3491 persona
1152 3406 1186 3469 tl
1206 3404 1238 3469 in
1258 3406 1306 3482 A,
1341 3402 1424 3469 unde
1451 3403 1550 3469 luerat
1574 3412 1704 3483 namur,
1745 3409 1875 3488 reducit,

699 3487 817 3576 ἐτίμων
839 3488 965 3577 talpae:
997 3493 1060 3554 ΘΤ
1074 3499 1178 3557 autem
1200 3487 1425 3576 diphthongum
1447 3488 1509 3554 illio
1531 3496 1633 3555 serrat
1651 3489 1712 3556 ubi
1733 3493 1874 3582 repperit

764 3660 818 3710 uta.
836 3658 882 3721 l'.]

695 3746 722 3792 1.
756 3735 920 3807 λαλήσομεν
941 3736 1100 3808 λαλήσονσι
1122 3740 1225 3809 aoripal
1250 3759 1266 3794 e
1290 3741 1362 3794 coni.
1397 3741 1440 3795 Cf.
1462 3741 1476 3809 5
1498 3743 1522 3793 4.
1573 3733 1745 3808 ditionum
1777 3738 1870 3812 ailla'-

696 3818 774 3857 σονσι
792 3807 894 3857 liddl'.
929 3809 1019 3872 ,‚lloe‚
1037 3809 1201 3872 quantulum
1218 3826 1269 3861 noa
1286 3810 1398 3875 qnidam
1417 3811 1532 3872 aeimua,
1550 3810 1664 3860 verbum
1683 3816 1731 3862 eat
1748 3813 1870 3864 nullu·-

695 3873 788 3941 lgitnr
817 3873 965 3941 legendum
993 3880 1120 3940 putumua
1147 3869 1293 3993 dtpanpm
1318 3876 1338 3929 i.
1362 3894 1387 3928 e.
1411 3878 1565 3930 nolanum
1595 3875 1683 3927 Zenn.
1843 3883 1870 3930 8.

695 3942 930 4010 tartiaapanoaaa
952 3943 1101 4011 pluralia
1121 3942 1180 3994 Edd
1216 3979 1222 3992 .
1259 3942 1321 3994 l'id.
1346 3949 1405 3996 not.
1553 3949 1580 3996 9.
1614 3945 1695 3996 tertia
1712 3946 1870 4012 pluralia

695 4009 797 4063 Eddd’.
820 4040 855 4049 -
876 4013 1031 4065 araumaita
1052 4009 1120 4061 Edd.
1140 4036 1173 4049 -
1191 4004 1271 4063 laada
1289 4012 1391 4064 ΕΜ.
1412 4038 1445 4051 -
1466 4013 1571 4064 tertiam
1586 4012 1744 4079 pluralia
1760 4013 1869 4065 Enal'.

799 4082 840 4132 11.
875 4074 1011 4148 ἐχρῦσεον
1028 4078 1131 4131 EddP.
1156 4107 1190 4119 -
1211 4077 1311 4149 *atqua
1328 4080 1353 4134 0
1371 4088 1396 4135 at
1416 4079 1458 4133 0*
1474 4097 1529 4132 orn.
1546 4079 1649 4130 Eddl‘.
1674 4106 1703 4117 -
1726 4074 1869 4146 ἔχμόσεον

1196 3870 1206 3890 Ι

729 4256 754 4305 e.
789 4253 884 4306 tertiae
906 4269 1036 4321 peremne
1058 4269 1113 4304 aare
1133 4266 1251 4319 proana-
1301 4250 1386 4304 horno
1408 4256 1525 4318 utroque
1546 4248 1608 4301 loeo
1631 4247 1778 4301 addidiaae
1801 4251 1868 4320 plu·

694 4319 744 4388 tia]
773 4320 854 4387 Quod
882 4321 988 4386 legitur
1015 4319 1043 4371 in
1068 4318 1139 4370 Edd.
1168 4325 1197 4369 et
1217 4317 1249 4382 Ρ,
1302 4321 1381 4385 ralia,
1414 4320 1493 4370 nulla
1515 4317 1623 4368 ratione
1644 4316 1744 4368 habita
1766 4335 1868 4371 exen-

693 4389 787 4439 tertr'na
802 4403 933 4454 perronae
948 4387 1106 4466 pluralia,
1137 4386 1164 4438 id
1182 4385 1251 4438 teari
1301 4387 1411 4452 plorum
1447 4385 1554 4449 δίδωσι,
1588 4382 1685 4466 loram,
1719 4385 1803 4466 anq
1839 4385 1866 4439 ai

692 4453 795 4571 {illi
813 4459 1131 4586 d'ii‘ialilhliit
1146 4461 1251 4585 ‘tut
1300 4452 1867 4588 tltptttttrf’lttlt‘ttlthssttt

694 4586 757 4635 dam
783 4585 940 4651 putaverim
960 4588 1132 4639 Macrohimn
1160 4586 1252 4654 aorip-
1299 4595 1461 4640 aerranetnr
1479 4587 1548 4638 illud
1564 4588 1693 4655 pluralia,
1711 4587 1785 4652 qnod
1806 4588 1865 4641 hoa

692 4651 764 4702 aiere
790 4655 885 4707 tertiae
905 4672 1048 4723 parentine,
1083 4663 1111 4706 et
1139 4654 1251 4705 intelle·
1299 4656 1361 4707 loeo
1389 4673 1441 4706 non
1468 4654 1522 4705 nial
1549 4653 1665 4706 mutati·
1695 4655 1790 4706 veruta
1815 4674 1865 4709 aa·

692 4716 768 4770 xiaae
787 4725 814 4771 et
831 4721 986 4789 aingularia
1008 4730 1036 4776 et
1056 4722 1176 4790 pluralia
1198 4739 1250 4773 nu·
1299 4731 1371 4791 cepto
1388 4718 1445 4775 ἒσσλ
1463 4722 1532 4773 lerri
1551 4738 1633 4789 purae
1651 4720 1737 4772 lnaile
1757 4728 1848 4787 patet.

693 4784 763 4837 meri
780 4786 892 4840 tertiam
912 4807 1072 4856 perannum,
1104 4796 1250 4856 excerpta·
1336 4795 1375 4841 10.
1415 4791 1495 4842 Omna
1511 4784 1710 4856 nuperorum]
1733 4788 1776 4840 Cf.
1795 4807 1862 4859 unp.

693 4869 752 4904 rem
781 4862 874 4907 auteur
908 4864 1022 4924 propter
1055 4856 1250 4910 antecedentia
1299 4875 1323 4909 e.
1342 4861 1367 4909 5.

692 4919 835 4973 addidiaaa
857 4923 979 4991 pluralia.
1014 4925 1092 4975 lolra
1110 4930 1202 4975 antem
1221 4924 1249 4989 (p
1333 4929 1375 4975 11.
1409 4918 1549 4990 ἔχρῦσοον]
1567 4920 1730 4973 Sinethoe
1749 4922 1812 4975 loeo
1831 4928 1863 4977 et

690 4994 730 5050 9.)
749 4990 860 5043 videtur
873 4991 1032 5044 Maerohiua
1047 4992 1126 5044 tertia
1142 4996 1249 5043 tanturn
1299 4992 1372 5044 inira
1391 5009 1454 5043 erae
1474 4991 1651 5042 aerihendurn
1673 4997 1757 5055 atque
1782 4991 1862 5044 rutra

692 5066 721 5108 ot
736 5060 840 5111 tortium
858 5059 1023 5126 aeripnim,
1041 5064 1070 5110 et
1086 5073 1119 5109 ex
1137 5064 1249 5110 nataae-
1298 5060 1455 5111 addendum
1475 5075 1538 5110 eaeo
1557 5066 1636 5125 atpna
1657 5056 1682 5108 0
1698 5059 1727 5109 ia
1746 5056 1786 5125 0,
1810 5076 1861 5111 ne-

693 5124 823 5178 dentihua
844 5135 951 5195 propter
970 5126 1147 5194 differentiam
1171 5143 1189 5177 a
1207 5142 1249 5177 aa·
1298 5143 1352 5193 qna
1372 5142 1496 5177 errorem
1520 5124 1574 5192 ipai
1601 5123 1745 5176 hlaorohio
1770 5126 1861 5179 tribui

692 5193 780 5246 enada
813 5196 949 5263 aiagulari
987 5192 1163 5247 intellexiaaa
1196 5210 1248 5245 nu·
1298 5211 1380 5261 poaae
1396 5192 1478 5244 rloeet
1496 5192 1523 5243 id
1542 5192 1614 5259 quod
1631 5191 1786 5258 aequitati
1806 5197 1860 5261 11.,

691 5274 800 5313 marum
833 5262 1023 5331 singularem,
1062 5260 1117 5316 iata
1151 5268 1246 5317 antem
1297 5260 1418 5329 χρυσοῖς,
1438 5265 1468 5314 et
1481 5261 1554 5328 quod
1573 5259 1679 5329 legitur
1696 5277 1719 5313 e.
1736 5261 1763 5325 4,
1779 5260 1794 5325 l
1811 5265 1840 5315 ³.
