5092 6425
679 850 743 919 νοοῖ
1165 843 1372 911 uacuum}

683 1040 769 1099 oum,
796 1018 875 1084 sicut
898 1014 1091 1103 participium
1113 1013 1145 1078 in
1166 1012 1394 1079 distinctionem
1439 1031 1634 1078 crsonarum
1662 1008 1860 1077 additamento

684 1102 876 1193 pronominis
896 1108 1048 1166 mutatur:
1087 1094 1142 1183 ἐμὲ
1168 1099 1290 1189 φιλῶν,
1315 1099 1350 1163 σὲ
1372 1122 1411 1184 φτ
1443 1099 1456 1113 ”
1487 1094 1664 1178 ,ἐκεῖνον
1688 1096 1861 1181 φιλῶν,ἰιι

685 1199 717 1257 ct
737 1186 861 1274 ἀπαρεμ
891 1185 958 1284 oircp
981 1185 1086 1251 contin
1108 1184 1145 1248 it:
1189 1181 1243 1268 ἐμὲ
1265 1188 1390 1269 φιλεῖν,
1428 1182 1464 1248 σε
1488 1187 1624 1269 φιλεῖν,
1670 1179 1805 1247 ἐκεῖνον
1823 1204 1862 1265 φο

656 1278 775 1345 brein?
818 1274 856 1339 So
905 1273 948 1336 itb
998 1271 1028 1338 ui
1055 1206 1128 1335 tuiis
1155 1269 1193 1334 de
1220 1270 1341 1335 intinito
1368 1278 1478 1355 putant
1501 1269 1559 1334 bae
1581 1267 1731 1333 maxime
1761 1266 1862 1332 ratione

685 1360 866 1434 uincuntur,
907 1293 994 1442 quoi
1017 1356 1049 1420 in
1080 1355 1225 1419 adverbio
1256 1363 1430 1441 temporum
1459 1354 1718 1440 significationes
1746 1351 1862 1417 nonde

686 1444 823 1511 ciusdem
847 1443 915 1508 soni
939 1440 1103 1506 inflexione
1124 1448 1305 1519 nascuntur,
1345 1439 1398 1506 sod
1420 1448 1456 1505 ut
1479 1448 1626 1526 tempora
1657 1445 1862 1504 mutanturct

686 1552 792 1606 rocos,
812 1530 875 1593 νῦν
895 1524 996 1592 πάλαι
1014 1522 1168 1610 ὕστερον,
1189 1547 1271 1590 nunc
1291 1538 1378 1591 anteo
1395 1538 1515 1614 posteo:
1555 1525 1589 1590 in
1615 1524 1754 1590 infinito
1774 1532 1861 1589 auten

687 1636 747 1683 vox
769 1614 875 1679 cartem
897 1613 1055 1700 puutuium
1076 1612 1154 1676 ssoxo
1176 1619 1300 1696 tompus
1320 1611 1466 1689 inmutat,
1494 1606 1646 1695 γράφειν
1670 1604 1861 1758 ysypcpkm

658 1696 842 1786 θγράψειν,
877 1700 1004 1762 scribere
1025 1698 1178 1795 scripsisse
1197 1698 1342 1783 scriptum
1361 1699 1415 1761 ire.
1468 1697 1531 1762 Neo
1553 1716 1656 1761 omne
1679 1690 1776 1779 ἀτταρ
1793 1716 1861 1778 ppr-

687 1808 746 1851 τον
768 1784 951 1867 cuicumque
972 1782 1066 1847 verbo
1089 1790 1227 1848 iunctum
1250 1802 1374 1846 sensum
1395 1781 1554 1868 exprimit,
1583 1781 1641 1846 sed
1669 1780 1736 1847 ittis
1757 1788 1861 1845 tantun

689 1889 769 1956 quaa
793 1867 907 1933 nuttam
930 1889 993 1933 rorn
1016 1887 1071 1953 pcr
1091 1888 1124 1933 sc
1144 1867 1224 1932 dictu
1244 1866 1433 1952 significant,
1466 1887 1546 1965 quae
1565 1866 1606 1931 ab
1630 1866 1701 1932 ittis
1723 1886 1862 1950 προτιοε

688 1948 781 2032 τινὰ,
819 1952 858 2017 ab
880 1952 928 2017 his
950 1953 1116 2018 arbitrario
1144 1974 1206 2017 non
1228 1952 1360 2017 absurdo
1388 1972 1488 2017 rocon
1536 1959 1670 2029 meunt,
1718 1952 1795 2038 quia
1823 1970 1864 2037 pcr

690 2040 755 2127 ipra
777 2038 967 2123 significatur
987 2038 1219 2123 dispositionem
1245 2059 1302 2103 scu
1323 2058 1459 2102 amorum
1482 1973 1534 2102 vei
1552 2036 1730 2102 arbitrium
1752 2037 1864 2102 subcus

691 2124 780 2193 uobis
804 2125 847 2189 roi
868 2123 968 2189 adhuc
992 2124 1128 2190 inccrtao
1149 2124 1202 2188 sect
1225 2143 1280 2208 per
1302 2122 1529 2188 adiunctionem
1551 2122 1642 2189 verbi
1668 2122 1807 2189 atterius
1826 2143 1865 2186 cr·

661 2209 876 2299 iprimcndae.
918 2210 997 2275 Nam
1026 2206 1128 2273 ἐσθίω
1151 2204 1230 2291 μετὰ
1258 2209 1319 2273 τοῦ
1346 2205 1477 2272 τύπτειν
1506 2216 1561 2272 aut
1590 2209 1775 2290 περιπατῶ
1802 2203 1867 2292 psci

690 2298 750 2361 τοῦ
774 2299 927 2359 πλουτεῖν
950 2294 1034 2379 iungi
1055 2315 1117 2358 non
1142 2302 1280 2380 possunt
1323 2295 1400 2358 Item
1422 2294 1484 2378 iepo
1509 2313 1580 2358 cum
1602 2294 1716 2358 sedere
1738 2294 1867 2360 iunctura

691 2392 746 2447 out
766 2382 863 2445 scribo
886 2401 955 2445 curn
980 2380 1100 2445 caedere
1133 2380 1247 2444 nuttam
1271 2378 1365 2445 officit
1388 2399 1495 2444 sensus
1515 2375 1769 2464 perfectionem,
1808 2378 1868 2465 quia

661 2470 723 2535 sot
745 2466 806 2552 iepo
826 2488 891 2531 rom
914 2466 1065 2551 signiticut
1086 2465 1247 2542 strodere,
1269 2473 1302 2529 ct
1322 2466 1419 2530 corabo
1440 2463 1582 2529 similiter
1605 2473 1638 2529 ct
1661 2466 1804 2530 caedere.
1842 2463 1867 2528 Si

692 2572 766 2617 voro
789 2551 896 2618 dixero
917 2552 982 2617 eolo
1005 2558 1059 2616 aut
1081 2563 1149 2637 opto
1170 2558 1224 2616 aut
1245 2552 1321 2615 soleo
1342 2558 1396 2616 aut
1418 2551 1529 2635 incipio
1550 2556 1582 2613 ct
1604 2550 1741 2627 similia,
1764 2548 1867 2616 nullan
1915 2604 1917 2613 .

643 2652 780 2723 [aaopom
804 2658 840 2701 οι
864 2635 1041 2702 huiusmodi
1062 2635 1146 2701 vorbi
1168 2635 1419 2721 pronuntiatione
1440 2634 1587 2720 significo.
1632 2635 1681 2701 Et
1704 2635 1789 2702 hacc
1809 2642 1869 2700 sunt
1916 2650 1921 2691 ἰ

692 2722 740 2789 voi
767 2722 838 2788 tutia
860 2743 939 2808 quoe
963 2723 1041 2787 benc
1063 2721 1289 2807 aparornpbutis
1316 2721 1527 2806 implicantur,
1565 2727 1601 2784 ut
1628 2740 1669 2785 ex
1700 2742 1773 2787 uno
1801 2720 1869 2786 arbi-

691 2809 786 2874 trium
808 2830 845 2871 cx
866 2807 963 2871 attero
985 2827 1035 2871 res
1056 2814 1195 2871 notatur:
1232 2807 1297 2870 uoto
1320 2828 1457 2882 currere,
1477 2817 1544 2891 opto
1564 2807 1728 2884 invenire,
1751 2808 1868 2895 dispono

661 2892 851 3040 iipropcp'scp'i
871 2891 946 2956 ccicc
968 2891 1103 3041 τοίοισι.
1146 2889 1276 3040 ,Εισὲιοο
1296 2890 1485 3041 intepipgitur
1506 2890 1674 2990 maximam
1702 2889 1872 3043 vimtrertpp

692 3000 725 3045 ιιι
751 3000 781 3043 ιο
795 2998 871 3042 ιοιο
894 2996 960 3040 cssc
983 2997 1033 3040 mo
1056 2997 1091 3053 o,
1130 2997 1155 3040 τι
1179 2997 1210 3041 ιιι
1234 2996 1282 3040 ern
1311 2996 1364 3040 vor
1425 2997 1528 3041 rorum
1552 2997 1683 3041 nomme
1710 2997 1807 3044 sun:

692 3062 831 3129 videmus
853 3063 891 3127 ab
913 3060 1139 3150 aparcmpbatis
1158 2996 1210 3126 ici
1233 3061 1486 3145 significationem
1514 3060 1619 3126 atteris
1648 3082 1790 3150 quoque
1812 3083 1872 3127 rar·

643 3146 740 3214 tubis
761 3170 823 3214 non
847 3147 1033 3214 habentibus
1054 3147 1288 3214 accommodari.
1331 3146 1419 3211 Adon
1444 3155 1547 3212 autern
1568 3145 1619 3210 hio
1643 3148 1768 3216 modus
1791 3148 1872 3215 abso

692 3234 792 3301 tutum
817 3256 931 3300 nomon
952 3255 1055 3300 rerum
1078 3243 1134 3310 ost,
1154 3242 1190 3299 ut
1212 3234 1243 3297 in
1263 3233 1535 3317 significationibus
1557 3253 1675 3311 rerum,
1702 3255 1790 3319 quas
1808 3233 1873 3300 Ari·

693 3321 819 3385 stotcles
843 3340 972 3384 numcro
994 3319 1099 3384 decom
1121 3318 1316 3402 κατηγορίας
1338 3326 1441 3397 vocat,
1476 3326 1624 3422 puattuor
1668 3339 1706 3383 cr
1730 3316 1873 3406 οἰναρέοι-

644 3404 680 3468 ll
694 3427 799 3487 φατον
821 3405 1031 3490 proterantur,
1058 3409 1189 3469 κεῖσθαι
1210 3401 1296 3487 ἔχειν
1317 3409 1424 3469 ποιεῖν
1443 3418 1587 3486 ccccxciv.
1666 3424 1766 3471 raeco
1790 3425 1873 3471 roca·

692 3488 766 3555 buto
811 3498 951 3574 roptorca
973 3490 1085 3555 dicitur
1107 3485 1360 3594 iucpippocrov,
1404 3489 1487 3575 quod
1509 3488 1627 3553 nultum
1653 3490 1777 3556 montis
1800 3490 1874 3556 indi·

692 3581 742 3637 cut
764 3511 916 3639 aiecium.
958 3575 1037 3639 Nam
1063 3569 1183 3658 γράφω
1207 3593 1317 3639 cunco
1342 3576 1424 3657 τιμῶ
1451 3582 1482 3640 et
1504 3594 1569 3639 rem
1592 3583 1624 3638 et
1647 3573 1758 3659 ipsum
1782 3575 1872 3641 animi

692 3655 832 3721 habiturn
855 3659 1006 3741 expressit
1027 3659 1160 3742 agentis,
1202 3682 1224 3742 y
1247 3655 1346 3744 ἄφειν
1367 3680 1442 3726 vcro
1464 3659 1511 3725 vei
1537 3654 1673 3722 τύπτειν
1699 3661 1753 3726 vet
1778 3663 1873 3748 τιμᾷν

694 3740 810 3806 nuttam
830 3742 968 3806 continet
992 3743 1120 3807 affectus
1142 3683 1413 3827 significationem,
1452 3744 1523 3835 quia
1545 3743 1701 3812 incertum
1725 3754 1780 3813 est
1802 3745 1873 3835 quid

764 3930 819 3982 Μι.
838 3930 885 3993 Ρ.]

691 4019 718 4133 p.
734 4031 771 4135 7ο
786 4016 968 4086 pnrcmpbotia
986 4014 1157 4085 implicentur
1179 4016 1283 4069 Edu-P·
1439 4025 1480 4072 to.
1519 4019 1684 4089 Aristotetce]
1703 4020 1734 4074 ira
1754 4020 1875 4092 Topicis

723 4257 749 4307 4.
785 4250 830 4321 ἐμὲ
852 4255 952 4322 φιλῶν,
977 4252 1128 4323 eiecticia,
1150 4251 1253 4309 ἐκεῖνον
1337 4263 1361 4310 8.
1398 4259 1509 4326 dispono
1525 4257 1670 4325 proficicet]
1700 4258 1790 4313 Hunc
1813 4277 1876 4313 ver-

691 4321 789 4389 φιῖῶν]
826 4322 895 4373 Corn
925 4322 960 4372 de
986 4323 1114 4374 subiecto
1141 4333 1253 4391 agutur,
1303 4326 1402 4377 borum
1428 4333 1597 4377 structuram
1620 4342 1673 4376 non
1703 4343 1771 4379 enee
1798 4327 1878 4381 bact-

691 4390 870 4442 ecribendum
893 4394 955 4440 erat
976 4383 1070 4455 ἐγώ..
1094 4386 1128 4442 σὺ
1146 4387 1253 4444 ..isui-
1302 4409 1366 4445 uam
1386 4409 1468 4446 nemo
1491 4408 1544 4445 non
1563 4391 1713 4461 intettigit.
1749 4396 1878 4449 Ponitur

691 4471 752 4514 νοςε
787 4456 860 4507 nihil
891 4461 983 4508 tumcn
1009 4459 1172 4511 mutandum
1200 4466 1252 4523 eat,
1302 4467 1396 4513 cutem
1413 4461 1523 4530 atepm
1560 4476 1590 4510 ro
1605 4468 1703 4514 statuo.
1738 4462 1803 4515 Re·
1824 4480 1877 4516 on-

691 4522 759 4638 puia
776 4521 811 4602 rip
830 4523 906 4574 rorb.
925 4540 949 4574 c.
963 4523 1058 4589 6‚§t.
1077 4526 1174 4577 entem
1192 4543 1252 4586 mo·
1302 4477 1597 4590 auturnacensis,
1631 4529 1704 4595 quod
1727 4540 1875 4598 requitur,
1951 4545 1953 4550 ·

711 4604 727 4637 o
746 4589 852 4668 tegitur
865 4607 1019 4655 omanemc,
1039 4598 1073 4657 tc,
1092 4594 1177 4655 ilium,
1194 4612 1251 4656 noc,
1302 4595 1441 4664 διατνπῶ,
1460 4595 1532 4663 qood
1552 4596 1676 4648 Zeuniua
1694 4595 1876 4666 interpretu-

690 4671 751 4718 acr,
774 4657 841 4707 citos.
877 4659 981 4708 Auctor
1002 4660 1062 4725 ipse
1085 4660 1199 4713 videtur
1215 4662 1251 4714 ub
1303 4671 1362 4714 tur:
1380 4665 1561 4726 ,‚‹tccerncre,
1576 4664 1650 4729 apud
1663 4664 1793 4717 animum
1815 4666 1875 4720 eibi

690 4720 829 4802 intinitivp
840 4727 1031 4778 accusativum
1043 4729 1164 4781 subiecti
1180 4730 1251 4781 iuteo
1302 4748 1473 4798 proponere,
1496 4732 1598 4783 vette.“
1634 4731 1675 4783 Gi.
1697 4732 1710 4796 5
1728 4736 1755 4783 6.
1777 4735 1875 4803 dispo-

692 4790 872 4841 transtubeuo
906 4793 940 4841 ad
974 4795 1169 4860 participium,
1207 4797 1252 4849 rel
1302 4801 1429 4862 sitioncm,
1453 4806 1481 4850 et
1502 4798 1873 4868 Excerpt.mutir.1,§6.=

694 4857 788 4923 potine
819 4874 871 4908 non
899 4858 1135 4914 animadvertisse
1163 4866 1252 4915 mutto
1302 4884 1361 4919 cum
1379 4876 1465 4919 terroe
1482 4869 1609 4921 ambitura
1631 4868 1775 4921 acacinm
1801 4871 1874 4924 dia-
1965 4925 1968 4938 ,

691 4924 777 4977 utiam
807 4925 863 4977 vim
892 4939 955 4977 caeo
981 4929 1136 4981 accusativi
1164 4929 1253 4983 iuncti
1300 4943 1446 5004 poneret.

692 5010 760 5114 ῗὶηνῗ
780 4994 931 5061 partiam
959 5000 1043 5061 “ique
1066 5013 1129 5048 ⁰⁰⁰¹
1157 4996 1252 5051 mni*
1339 5038 1380 5085 to.
1416 5050 1483 5101 quoa
1508 5027 1659 5086 'Aristotcles
1685 5050 1797 5087 numero
1823 5037 1874 5089 de·

725 5134 749 5181 τ.
785 5132 813 5183 οι
832 5129 956 5183 navem
974 5129 1038 5196 ne]
1062 5129 1105 5183 cr.
1123 5130 1158 5183 ιο
1175 5132 1251 5185 vara.
1302 5119 1356 5153 ‘tt'
1376 5099 1541 5167 monacus
1561 5099 1648 5167 θυσίη1
1676 5095 1784 5171 Οὖσῑαι
1811 5104 1874 5156 11⁰·
1971 5117 1973 5122 ·

691 5197 711 5247 1⁸
729 5214 754 5248 ο,
771 5199 784 5263 p
801 5202 825 5249 3
1302 5162 1500 5249 oivnssouip,
1521 5163 1597 5235 Πρός
1612 5184 1652 5249 τι,
1670 5168 1755 5252 flori,
1783 5165 1873 5240 Πότε,

725 5267 850 5333 scriptum
870 5265 919 5333 icc]
938 5262 982 5319 (ii.
998 5264 1012 5331 ξ
1029 5267 1072 5318 2³.
1305 5236 1412 5301 H⁰⁴⁸W²
1433 5235 1567 5303 H⁰f⁶2⁵⁶²¹a
1586 5235 1721 5303 Κεισθαί
1741 5236 1836 5305 Elm-
