<?xml version="1.0" encoding="UTF-8"?>
<!DOCTYPE html PUBLIC "-//W3C//DTD XHTML 1.0 Transitional//EN"
    "http://www.w3.org/TR/xhtml1/DTD/xhtml1-transitional.dtd">
<html xmlns="http://www.w3.org/1999/xhtml" xml:lang="en" lang="en">
 <head>
  <title>
</title>
<meta http-equiv="Content-Type" content="text/html;charset=utf-8" />
  <meta name='ocr-system' content='tesseract 3.04.00' />
  <meta name='ocr-capabilities' content='ocr_page ocr_carea ocr_par ocr_line ocrx_word'/>
</head>
<body>
  <div class='ocr_page' id='page_1' title='image "./operaquaesupers00macrgoog/operaquaesupers00macrgoog_0190.png"; bbox 0 0 5092 6425; ppageno 0'>
   <div class='ocr_carea' id='block_1_1' title="bbox 804 898 1811 970">
    <p class='ocr_par' dir='ltr' id='par_1_1' title="bbox 804 898 1811 970">
     <span class='ocr_line' id='line_1_1' title="bbox 804 898 1811 970; baseline -0.001 -3"><span class='ocrx_word' id='word_1_1' title='bbox 804 899 943 968; x_wconf 83' lang='lat' dir='ltr'><strong>COMM.</strong></span> <span class='ocrx_word' id='word_1_2' title='bbox 964 900 1009 970; x_wconf 88' lang='lat' dir='ltr'><strong>IN</strong></span> <span class='ocrx_word' id='word_1_3' title='bbox 1031 900 1158 970; x_wconf 88' lang='lat' dir='ltr'><strong>SOMN.</strong></span> <span class='ocrx_word' id='word_1_4' title='bbox 1179 898 1278 967; x_wconf 85' lang='lat' dir='ltr'>SCIP.</span> <span class='ocrx_word' id='word_1_5' title='bbox 1321 901 1397 965; x_wconf 89' lang='lat' dir='ltr'><strong>LIB.</strong></span> <span class='ocrx_word' id='word_1_6' title='bbox 1418 900 1442 964; x_wconf 89' lang='lat'><strong>1.</strong></span> <span class='ocrx_word' id='word_1_7' title='bbox 1486 898 1575 967; x_wconf 73' lang='lat' dir='ltr'><strong>GAP.</strong></span> <span class='ocrx_word' id='word_1_8' title='bbox 1597 901 1650 968; x_wconf 84' lang='lat' dir='ltr'><strong>VI.</strong></span> <span class='ocrx_word' id='word_1_9' title='bbox 1767 901 1811 967; x_wconf 81' lang='lat'><strong>53</strong></span> 
     </span>
    </p>
   </div>
   <div class='ocr_carea' id='block_1_2' title="bbox 631 1067 1857 2348">
    <p class='ocr_par' dir='ltr' id='par_1_2' title="bbox 631 1067 1857 2348">
     <span class='ocr_line' id='line_1_2' title="bbox 633 1067 1808 1156; baseline 0.003 -23"><span class='ocrx_word' id='word_1_10' title='bbox 633 1069 769 1156; x_wconf 78' lang='lat' dir='ltr'><strong>physicis</strong></span> <span class='ocrx_word' id='word_1_11' title='bbox 790 1070 927 1135; x_wconf 89' lang='lat' dir='ltr'><strong>creditur</strong></span> <span class='ocrx_word' id='word_1_12' title='bbox 948 1077 1029 1135; x_wconf 88' lang='lat' dir='ltr'><strong>meta</strong></span> <span class='ocrx_word' id='word_1_13' title='bbox 1053 1069 1190 1149; x_wconf 86' lang='lat' dir='ltr'><strong>vivendi,</strong></span> <span class='ocrx_word' id='word_1_14' title='bbox 1224 1078 1256 1135; x_wconf 89' lang='lat' dir='ltr'><strong>et</strong></span> <span class='ocrx_word' id='word_1_15' title='bbox 1276 1069 1335 1134; x_wconf 93' lang='lat' dir='ltr'><strong>hoc</strong></span> <span class='ocrx_word' id='word_1_16' title='bbox 1357 1067 1618 1136; x_wconf 83' lang='lat' dir='ltr'><strong>vitae-humanae</strong></span> <span class='ocrx_word' id='word_1_17' title='bbox 1640 1070 1808 1156; x_wconf 84' lang='lat' dir='ltr'><strong>perlectnm</strong></span> 
     </span>
     <span class='ocr_line' id='line_1_3' title="bbox 633 1155 1808 1240; baseline 0.001 -20"><span class='ocrx_word' id='word_1_18' title='bbox 633 1156 770 1240; x_wconf 89' lang='lat' dir='ltr'><strong>spatium</strong></span> <span class='ocrx_word' id='word_1_19' title='bbox 790 1155 984 1220; x_wconf 89' lang='lat' dir='ltr'><strong>terminatur.</strong></span> <span class='ocrx_word' id='word_1_20' title='bbox 1029 1155 1122 1233; x_wconf 89' lang='lat' dir='ltr'><strong>Quod</strong></span> <span class='ocrx_word' id='word_1_21' title='bbox 1145 1157 1169 1219; x_wconf 92' lang='lat' dir='ltr'><strong>si</strong></span> <span class='ocrx_word' id='word_1_22' title='bbox 1192 1155 1262 1240; x_wconf 91' lang='lat' dir='ltr'><strong>quis</strong></span> <span class='ocrx_word' id='word_1_23' title='bbox 1281 1157 1454 1232; x_wconf 80' lang='lat' dir='ltr'><strong>excesserit,</strong></span> <span class='ocrx_word' id='word_1_24' title='bbox 1472 1156 1510 1220; x_wconf 89' lang='lat' dir='ltr'><strong>ab</strong></span> <span class='ocrx_word' id='word_1_25' title='bbox 1530 1155 1613 1220; x_wconf 92' lang='lat' dir='ltr'><strong>omni</strong></span> <span class='ocrx_word' id='word_1_26' title='bbox 1633 1155 1734 1220; x_wconf 87' lang='lat' dir='ltr'><strong>officio</strong></span> <span class='ocrx_word' id='word_1_27' title='bbox 1757 1178 1808 1223; x_wconf 84' lang='lat' dir='ltr'><strong>va—</strong></span> 
     </span>
     <span class='ocr_line' id='line_1_4' title="bbox 632 1239 1807 1325; baseline -0.001 -20"><span class='ocrx_word' id='word_1_28' title='bbox 632 1262 710 1305; x_wconf 92' lang='lat' dir='ltr'><strong>cuus</strong></span> <span class='ocrx_word' id='word_1_29' title='bbox 734 1239 790 1305; x_wconf 90' lang='lat' dir='ltr'><strong>soli</strong></span> <span class='ocrx_word' id='word_1_30' title='bbox 813 1240 961 1305; x_wconf 82' lang='lat' dir='ltr'><strong>exercitio</strong></span> <span class='ocrx_word' id='word_1_31' title='bbox 983 1240 1151 1325; x_wconf 82' lang='lat' dir='ltr'><strong>sapientiae</strong></span> <span class='ocrx_word' id='word_1_32' title='bbox 1171 1248 1273 1317; x_wconf 88' lang='lat' dir='ltr'><strong>vacat,</strong></span> <span class='ocrx_word' id='word_1_33' title='bbox 1300 1249 1332 1304; x_wconf 91' lang='lat' dir='ltr'><strong>et</strong></span> <span class='ocrx_word' id='word_1_34' title='bbox 1354 1262 1477 1306; x_wconf 91' lang='lat' dir='ltr'><strong>omnem</strong></span> <span class='ocrx_word' id='word_1_35' title='bbox 1500 1262 1591 1306; x_wconf 91' lang='lat' dir='ltr'><strong>usum</strong></span> <span class='ocrx_word' id='word_1_36' title='bbox 1612 1241 1661 1306; x_wconf 88' lang='lat' dir='ltr'><strong>sui</strong></span> <span class='ocrx_word' id='word_1_37' title='bbox 1684 1241 1717 1304; x_wconf 92' lang='lat' dir='ltr'><strong>in</strong></span> <span class='ocrx_word' id='word_1_38' title='bbox 1738 1262 1807 1305; x_wconf 90' lang='lat' dir='ltr'><strong>sua-</strong></span> 
     </span>
     <span class='ocr_line' id='line_1_5' title="bbox 631 1325 1807 1411; baseline 0 -21"><span class='ocrx_word' id='word_1_39' title='bbox 631 1325 735 1390; x_wconf 92' lang='lat' dir='ltr'><strong>dendo</strong></span> <span class='ocrx_word' id='word_1_40' title='bbox 755 1325 863 1400; x_wconf 89' lang='lat' dir='ltr'><strong>habet,</strong></span> <span class='ocrx_word' id='word_1_41' title='bbox 884 1325 1015 1390; x_wconf 89' lang='lat' dir='ltr'><strong>aliorum</strong></span> <span class='ocrx_word' id='word_1_42' title='bbox 1038 1346 1202 1390; x_wconf 91' lang='lat' dir='ltr'><strong>munerum</strong></span> <span class='ocrx_word' id='word_1_43' title='bbox 1225 1326 1383 1391; x_wconf 85' lang='lat' dir='ltr'><strong>vacatione</strong></span> <span class='ocrx_word' id='word_1_44' title='bbox 1407 1327 1608 1391; x_wconf 87' lang='lat' dir='ltr'><strong>reverendus:</strong></span> <span class='ocrx_word' id='word_1_45' title='bbox 1637 1347 1654 1390; x_wconf 94' lang='lat' dir='ltr'><strong>a</strong></span> <span class='ocrx_word' id='word_1_46' title='bbox 1677 1325 1807 1411; x_wconf 86' lang='lat' dir='ltr'><strong>septime</strong></span> 
     </span>
     <span class='ocr_line' id='line_1_6' title="bbox 631 1410 1807 1497; baseline 0 -22"><span class='ocrx_word' id='word_1_47' title='bbox 631 1411 717 1475; x_wconf 91' lang='lat' dir='ltr'><strong>enim</strong></span> <span class='ocrx_word' id='word_1_48' title='bbox 739 1431 839 1496; x_wconf 90' lang='lat' dir='ltr'><strong>usque</strong></span> <span class='ocrx_word' id='word_1_49' title='bbox 861 1410 900 1475; x_wconf 90' lang='lat' dir='ltr'><strong>ad</strong></span> <span class='ocrx_word' id='word_1_50' title='bbox 922 1411 1071 1475; x_wconf 85' lang='lat' dir='ltr'><strong>decimam</strong></span> <span class='ocrx_word' id='word_1_51' title='bbox 1101 1412 1303 1495; x_wconf 85' lang='lat' dir='ltr'><strong>septimanam</strong></span> <span class='ocrx_word' id='word_1_52' title='bbox 1326 1432 1383 1495; x_wconf 89' lang='lat' dir='ltr'><strong>pro</strong></span> <span class='ocrx_word' id='word_1_53' title='bbox 1405 1419 1496 1495; x_wconf 88' lang='lat' dir='ltr'><strong>captu</strong></span> <span class='ocrx_word' id='word_1_54' title='bbox 1515 1411 1628 1477; x_wconf 83' lang='lat' dir='ltr'><strong>virium</strong></span> <span class='ocrx_word' id='word_1_55' title='bbox 1649 1432 1728 1497; x_wconf 92' lang='lat' dir='ltr'><strong>quae</strong></span> <span class='ocrx_word' id='word_1_56' title='bbox 1754 1410 1807 1475; x_wconf 86' lang='lat' dir='ltr'><strong>ad-</strong></span> 
     </span>
     <span class='ocr_line' id='line_1_7' title="bbox 631 1488 1857 1581; baseline -0.003 -22"><span class='ocrx_word' id='word_1_57' title='bbox 631 1496 694 1560; x_wconf 88' lang='lat' dir='ltr'><strong>huc</strong></span> <span class='ocrx_word' id='word_1_58' title='bbox 714 1495 842 1581; x_wconf 80' lang='lat' dir='ltr'><strong>singulis</strong></span> <span class='ocrx_word' id='word_1_59' title='bbox 863 1504 1060 1580; x_wconf 90' lang='lat' dir='ltr'><strong>perseverant</strong></span> <span class='ocrx_word' id='word_1_60' title='bbox 1086 1495 1245 1561; x_wconf 84' lang='lat' dir='ltr'><strong>variantur</strong></span> <span class='ocrx_word' id='word_1_61' title='bbox 1267 1495 1377 1560; x_wconf 85' lang='lat' dir='ltr'><strong>officia.</strong></span> <span class='ocrx_word' id='word_1_62' title='bbox 1429 1496 1515 1560; x_wconf 88' lang='lat' dir='ltr'><strong>Idem</strong></span> <span class='ocrx_word' id='word_1_63' title='bbox 1538 1488 1686 1562; x_wconf 83' lang='lat' dir='ltr'><strong>nuinerus</strong></span> <span class='ocrx_word' id='word_1_64' title='bbox 1709 1496 1806 1561; x_wconf 89' lang='lat' dir='ltr'><strong>totius</strong></span> <span class='ocrx_word' id='word_1_65' title='bbox 1816 1489 1857 1555; x_wconf 83' lang='grc'><strong>77</strong></span> 
     </span>
     <span class='ocr_line' id='line_1_8' title="bbox 632 1580 1805 1667; baseline 0 -22"><span class='ocrx_word' id='word_1_66' title='bbox 632 1581 769 1666; x_wconf 90' lang='lat' dir='ltr'><strong>corporis</strong></span> <span class='ocrx_word' id='word_1_67' title='bbox 796 1582 935 1646; x_wconf 91' lang='lat' dir='ltr'><strong>membra</strong></span> <span class='ocrx_word' id='word_1_68' title='bbox 962 1581 1107 1667; x_wconf 80' lang='lat' dir='ltr'><strong>disponit</strong></span> <span class='ocrx_word' id='word_1_69' title='bbox 1166 1582 1290 1666; x_wconf 85' lang='lat' dir='ltr'><strong>Septem</strong></span> <span class='ocrx_word' id='word_1_70' title='bbox 1319 1589 1393 1646; x_wconf 90' lang='lat' dir='ltr'><strong>sunt</strong></span> <span class='ocrx_word' id='word_1_71' title='bbox 1422 1580 1505 1645; x_wconf 94' lang='lat' dir='ltr'><strong>enim</strong></span> <span class='ocrx_word' id='word_1_72' title='bbox 1534 1582 1614 1647; x_wconf 88' lang='lat' dir='ltr'><strong>intra</strong></span> <span class='ocrx_word' id='word_1_73' title='bbox 1647 1581 1805 1646; x_wconf 93' lang='lat' dir='ltr'><strong>hominem</strong></span> 
     </span>
     <span class='ocr_line' id='line_1_9' title="bbox 632 1665 1805 1764; baseline 0.001 -34"><span class='ocrx_word' id='word_1_74' title='bbox 632 1687 711 1764; x_wconf 92' lang='lat' dir='ltr'><strong>quae</strong></span> <span class='ocrx_word' id='word_1_75' title='bbox 733 1688 751 1731; x_wconf 91' lang='lat' dir='ltr'><strong>a</strong></span> <span class='ocrx_word' id='word_1_76' title='bbox 772 1665 898 1731; x_wconf 88' lang='lat' dir='ltr'><strong>Graecis</strong></span> <span class='ocrx_word' id='word_1_77' title='bbox 920 1666 1006 1750; x_wconf 83' lang='lat' dir='ltr'><strong>nigra</strong></span> <span class='ocrx_word' id='word_1_78' title='bbox 1029 1666 1167 1730; x_wconf 90' lang='lat' dir='ltr'><strong>membra</strong></span> <span class='ocrx_word' id='word_1_79' title='bbox 1187 1665 1370 1743; x_wconf 89' lang='lat' dir='ltr'><strong>vocitantur,</strong></span> <span class='ocrx_word' id='word_1_80' title='bbox 1392 1666 1496 1750; x_wconf 84' lang='lat' dir='ltr'><strong>lingua</strong></span> <span class='ocrx_word' id='word_1_81' title='bbox 1519 1687 1572 1730; x_wconf 92' lang='lat' dir='ltr'><strong>cor</strong></span> <span class='ocrx_word' id='word_1_82' title='bbox 1593 1667 1699 1752; x_wconf 91' lang='lat' dir='ltr'><strong>pulmo</strong></span> <span class='ocrx_word' id='word_1_83' title='bbox 1719 1667 1805 1732; x_wconf 91' lang='lat' dir='ltr'><strong>iecur</strong></span> 
     </span>
     <span class='ocr_line' id='line_1_10' title="bbox 631 1751 1804 1837; baseline 0.001 -22"><span class='ocrx_word' id='word_1_84' title='bbox 631 1752 693 1816; x_wconf 81' lang='lat' dir='ltr'><strong>lien</strong></span> <span class='ocrx_word' id='word_1_85' title='bbox 714 1771 806 1816; x_wconf 92' lang='lat' dir='ltr'><strong>renes</strong></span> <span class='ocrx_word' id='word_1_86' title='bbox 827 1751 905 1816; x_wconf 88' lang='lat' dir='ltr'><strong>duo:</strong></span> <span class='ocrx_word' id='word_1_87' title='bbox 939 1763 971 1816; x_wconf 91' lang='lat' dir='ltr'><strong>et</strong></span> <span class='ocrx_word' id='word_1_88' title='bbox 988 1759 1107 1837; x_wconf 86' lang='lat' dir='ltr'><strong>septem</strong></span> <span class='ocrx_word' id='word_1_89' title='bbox 1132 1751 1191 1815; x_wconf 89' lang='lat' dir='ltr'><strong>alia</strong></span> <span class='ocrx_word' id='word_1_90' title='bbox 1213 1773 1283 1815; x_wconf 91' lang='lat' dir='ltr'><strong>cum</strong></span> <span class='ocrx_word' id='word_1_91' title='bbox 1306 1751 1392 1816; x_wconf 90' lang='lat' dir='ltr'><strong>venis</strong></span> <span class='ocrx_word' id='word_1_92' title='bbox 1413 1773 1448 1816; x_wconf 91' lang='lat' dir='ltr'><strong>ac</strong></span> <span class='ocrx_word' id='word_1_93' title='bbox 1470 1751 1622 1816; x_wconf 87' lang='lat' dir='ltr'><strong>meatibus</strong></span> <span class='ocrx_word' id='word_1_94' title='bbox 1650 1772 1729 1836; x_wconf 91' lang='lat' dir='ltr'><strong>quae</strong></span> <span class='ocrx_word' id='word_1_95' title='bbox 1751 1752 1804 1816; x_wconf 90' lang='lat' dir='ltr'><strong>ad-</strong></span> 
     </span>
     <span class='ocr_line' id='line_1_11' title="bbox 631 1834 1804 1921; baseline 0 -21"><span class='ocrx_word' id='word_1_96' title='bbox 631 1837 733 1902; x_wconf 89' lang='lat' dir='ltr'><strong>iacent</strong></span> <span class='ocrx_word' id='word_1_97' title='bbox 754 1836 883 1920; x_wconf 86' lang='lat' dir='ltr'><strong>singulis</strong></span> <span class='ocrx_word' id='word_1_98' title='bbox 902 1834 939 1900; x_wconf 87' lang='lat' dir='ltr'><strong>ad</strong></span> <span class='ocrx_word' id='word_1_99' title='bbox 961 1835 1063 1901; x_wconf 88' lang='lat' dir='ltr'><strong>cibum</strong></span> <span class='ocrx_word' id='word_1_100' title='bbox 1092 1844 1124 1901; x_wconf 89' lang='lat' dir='ltr'><strong>et</strong></span> <span class='ocrx_word' id='word_1_101' title='bbox 1145 1836 1288 1920; x_wconf 88' lang='lat' dir='ltr'><strong>spiritum</strong></span> <span class='ocrx_word' id='word_1_102' title='bbox 1311 1836 1522 1921; x_wconf 89' lang='lat' dir='ltr'><strong>accipiendum</strong></span> <span class='ocrx_word' id='word_1_103' title='bbox 1551 1835 1804 1920; x_wconf 91' lang='lat' dir='ltr'><strong>reddendumque</strong></span> 
     </span>
     <span class='ocr_line' id='line_1_12' title="bbox 631 1920 1803 2019; baseline 0 -34"><span class='ocrx_word' id='word_1_104' title='bbox 631 1928 707 1986; x_wconf 87' lang='lat' dir='ltr'><strong>sunt</strong></span> <span class='ocrx_word' id='word_1_105' title='bbox 728 1921 889 2019; x_wconf 88' lang='lat' dir='ltr'><strong>deputata,</strong></span> <span class='ocrx_word' id='word_1_106' title='bbox 924 1929 1031 2006; x_wconf 83' lang='lat' dir='ltr'><strong>guttur</strong></span> <span class='ocrx_word' id='word_1_107' title='bbox 1050 1920 1226 1986; x_wconf 87' lang='lat' dir='ltr'><strong>stomachus</strong></span> <span class='ocrx_word' id='word_1_108' title='bbox 1247 1921 1333 1987; x_wconf 87' lang='lat' dir='ltr'><strong>alvus</strong></span> <span class='ocrx_word' id='word_1_109' title='bbox 1354 1922 1453 1987; x_wconf 87' lang='lat' dir='ltr'><strong>vesica</strong></span> <span class='ocrx_word' id='word_1_110' title='bbox 1473 1930 1504 1987; x_wconf 90' lang='lat' dir='ltr'><strong>et</strong></span> <span class='ocrx_word' id='word_1_111' title='bbox 1525 1921 1670 1986; x_wconf 89' lang='lat' dir='ltr'><strong>intestina</strong></span> <span class='ocrx_word' id='word_1_112' title='bbox 1692 1921 1803 2006; x_wconf 91' lang='lat' dir='ltr'><strong>princi-</strong></span> 
     </span>
     <span class='ocr_line' id='line_1_13' title="bbox 631 2006 1803 2092; baseline 0 -22"><span class='ocrx_word' id='word_1_113' title='bbox 631 2006 713 2091; x_wconf 83' lang='lat' dir='ltr'><strong>palia</strong></span> <span class='ocrx_word' id='word_1_114' title='bbox 735 2013 808 2071; x_wconf 89' lang='lat' dir='ltr'><strong>trra:</strong></span> <span class='ocrx_word' id='word_1_115' title='bbox 831 2026 962 2092; x_wconf 91' lang='lat' dir='ltr'><strong>quorum</strong></span> <span class='ocrx_word' id='word_1_116' title='bbox 982 2027 1080 2072; x_wconf 91' lang='lat' dir='ltr'><strong>unum</strong></span> <span class='ocrx_word' id='word_1_117' title='bbox 1101 2006 1263 2092; x_wconf 90' lang='lat' dir='ltr'><strong>dissiptum</strong></span> <span class='ocrx_word' id='word_1_118' title='bbox 1285 2014 1420 2084; x_wconf 87' lang='lat' dir='ltr'><strong>vocatur,</strong></span> <span class='ocrx_word' id='word_1_119' title='bbox 1461 2007 1524 2071; x_wconf 93' lang='lat' dir='ltr'><strong>uod</strong></span> <span class='ocrx_word' id='word_1_120' title='bbox 1545 2014 1683 2073; x_wconf 86' lang='lat' dir='ltr'><strong>ventrem</strong></span> <span class='ocrx_word' id='word_1_121' title='bbox 1703 2012 1734 2070; x_wconf 89' lang='lat' dir='ltr'><strong>et</strong></span> <span class='ocrx_word' id='word_1_122' title='bbox 1754 2026 1803 2071; x_wconf 94' lang='lat' dir='ltr'><strong>ce-</strong></span> 
     </span>
     <span class='ocr_line' id='line_1_14' title="bbox 631 2029 1804 2177; baseline -0.001 -22"><span class='ocrx_word' id='word_1_123' title='bbox 631 2101 698 2155; x_wconf 89' lang='lat' dir='ltr'><strong>tera</strong></span> <span class='ocrx_word' id='word_1_124' title='bbox 720 2091 865 2157; x_wconf 89' lang='lat' dir='ltr'><strong>intestina</strong></span> <span class='ocrx_word' id='word_1_125' title='bbox 886 2091 1034 2156; x_wconf 86' lang='lat' dir='ltr'><strong>secernit:</strong></span> <span class='ocrx_word' id='word_1_126' title='bbox 1057 2092 1188 2156; x_wconf 88' lang='lat' dir='ltr'><strong>alterum</strong></span> <span class='ocrx_word' id='word_1_127' title='bbox 1209 2091 1356 2169; x_wconf 88' lang='lat' dir='ltr'><strong>medium,</strong></span> <span class='ocrx_word' id='word_1_128' title='bbox 1380 2029 1463 2177; x_wconf 76' lang='lat' dir='ltr'><strong>quod</strong></span> <span class='ocrx_word' id='word_1_129' title='bbox 1482 2090 1592 2157; x_wconf 89' lang='lat' dir='ltr'><strong>Graeci</strong></span> <span class='ocrx_word' id='word_1_130' title='bbox 1611 2088 1804 2175; x_wconf 81' lang='grc' dir='ltr'><strong><em>μεσέντερον</em></strong></span> 
     </span>
     <span class='ocr_line' id='line_1_15' title="bbox 631 2175 1803 2263; baseline -0.001 -23"><span class='ocrx_word' id='word_1_131' title='bbox 631 2177 751 2241; x_wconf 91' lang='lat' dir='ltr'><strong>dicunt:</strong></span> <span class='ocrx_word' id='word_1_132' title='bbox 772 2177 908 2254; x_wconf 87' lang='lat' dir='ltr'><strong>tertium,</strong></span> <span class='ocrx_word' id='word_1_133' title='bbox 928 2176 1011 2263; x_wconf 91' lang='lat' dir='ltr'><strong>quod</strong></span> <span class='ocrx_word' id='word_1_134' title='bbox 1034 2184 1153 2243; x_wconf 88' lang='lat' dir='ltr'><strong>veteres</strong></span> <span class='ocrx_word' id='word_1_135' title='bbox 1176 2175 1273 2240; x_wconf 88' lang='lat' dir='ltr'><strong>hiram</strong></span> <span class='ocrx_word' id='word_1_136' title='bbox 1291 2186 1449 2254; x_wconf 66' lang='lat' dir='ltr'><strong>vocarunt,</strong></span> <span class='ocrx_word' id='word_1_137' title='bbox 1471 2177 1665 2261; x_wconf 80' lang='lat' dir='ltr'><strong>habeturque</strong></span> <span class='ocrx_word' id='word_1_138' title='bbox 1686 2175 1803 2260; x_wconf 86' lang='lat' dir='ltr'><strong>praeci-</strong></span> 
     </span>
     <span class='ocr_line' id='line_1_16' title="bbox 631 2255 1854 2348; baseline -0.003 -22"><span class='ocrx_word' id='word_1_139' title='bbox 631 2283 730 2348; x_wconf 94' lang='lat' dir='ltr'><strong>puum</strong></span> <span class='ocrx_word' id='word_1_140' title='bbox 751 2261 968 2327; x_wconf 88' lang='lat' dir='ltr'><strong>intestinorum</strong></span> <span class='ocrx_word' id='word_1_141' title='bbox 990 2262 1144 2342; x_wconf 92' lang='lat' dir='ltr'><strong>omnium,</strong></span> <span class='ocrx_word' id='word_1_142' title='bbox 1166 2269 1198 2328; x_wconf 90' lang='lat' dir='ltr'><strong>ct</strong></span> <span class='ocrx_word' id='word_1_143' title='bbox 1216 2261 1276 2328; x_wconf 89' lang='lat' dir='ltr'><strong>cibi</strong></span> <span class='ocrx_word' id='word_1_144' title='bbox 1297 2262 1476 2328; x_wconf 86' lang='lat' dir='ltr'><strong>retrimenta</strong></span> <span class='ocrx_word' id='word_1_145' title='bbox 1496 2260 1629 2328; x_wconf 83' lang='lat' dir='ltr'><strong>deducit</strong></span> <span class='ocrx_word' id='word_1_146' title='bbox 1670 2262 1719 2326; x_wconf 85' lang='lat' dir='ltr'><strong>Ile</strong></span> <span class='ocrx_word' id='word_1_147' title='bbox 1741 2255 1854 2347; x_wconf 79' lang='lat' dir='ltr'><strong>spi-78</strong></span> 
     </span>
    </p>
   </div>
   <div class='ocr_carea' id='block_1_3' title="bbox 1432 2431 1736 2501">
    <p class='ocr_par' dir='ltr' id='par_1_3' title="bbox 1432 2431 1736 2501">
     <span class='ocr_line' id='line_1_17' title="bbox 1432 2431 1736 2501; baseline -0.007 -17"><span class='ocrx_word' id='word_1_148' title='bbox 1432 2433 1516 2497; x_wconf 82' lang='lat' dir='ltr'><strong>[Edd.</strong></span> <span class='ocrx_word' id='word_1_149' title='bbox 1533 2431 1736 2501; x_wconf 76' lang='lat' dir='ltr'><strong>vicabgapdab.</strong></span> 
     </span>
    </p>
   </div>
   <div class='ocr_carea' id='block_1_4' title="bbox 629 2513 1805 3871">
    <p class='ocr_par' dir='ltr' id='par_1_4' title="bbox 629 2513 1805 3871">
     <span class='ocr_line' id='line_1_18' title="bbox 631 2513 1804 2587; baseline -0.002 -19"><span class='ocrx_word' id='word_1_150' title='bbox 631 2518 684 2568; x_wconf 89' lang='lat' dir='ltr'><strong>ber</strong></span> <span class='ocrx_word' id='word_1_151' title='bbox 709 2514 831 2583; x_wconf 77' lang='lat' dir='ltr'><strong>optimae</strong></span> <span class='ocrx_word' id='word_1_152' title='bbox 854 2516 888 2578; x_wconf 87' lang='lat' dir='ltr'><strong>(i.</strong></span> <span class='ocrx_word' id='word_1_153' title='bbox 910 2532 934 2568; x_wconf 90' lang='lat' dir='ltr'><strong>e.</strong></span> <span class='ocrx_word' id='word_1_154' title='bbox 958 2517 1012 2578; x_wconf 79' lang='lat' dir='ltr'><strong>La)</strong></span> <span class='ocrx_word' id='word_1_155' title='bbox 1034 2519 1143 2587; x_wconf 73' lang='lat' dir='ltr'><strong>septeni.</strong></span> <span class='ocrx_word' id='word_1_156' title='bbox 1178 2517 1252 2571; x_wconf 83' lang='lat' dir='ltr'><strong>Sene</strong></span> <span class='ocrx_word' id='word_1_157' title='bbox 1275 2518 1360 2572; x_wconf 84' lang='lat' dir='ltr'><strong>etiarn</strong></span> <span class='ocrx_word' id='word_1_158' title='bbox 1381 2519 1508 2585; x_wconf 76' lang='lat' dir='ltr'><strong>seqnitur</strong></span> <span class='ocrx_word' id='word_1_159' title='bbox 1529 2525 1577 2570; x_wconf 79' lang='lat' dir='ltr'><strong>aot</strong></span> <span class='ocrx_word' id='word_1_160' title='bbox 1597 2517 1691 2584; x_wconf 79' lang='lat' dir='ltr'><strong>septica</strong></span> <span class='ocrx_word' id='word_1_161' title='bbox 1712 2513 1804 2567; x_wconf 60' lang='grc' dir='ltr'><strong>ιὶσιιίἐι</strong></span> 
     </span>
     <span class='ocr_line' id='line_1_19' title="bbox 633 2580 1804 2655; baseline -0.003 -19"><span class='ocrx_word' id='word_1_162' title='bbox 633 2587 720 2639; x_wconf 87' lang='lat' dir='ltr'><strong>Grau.</strong></span> <span class='ocrx_word' id='word_1_163' title='bbox 756 2584 834 2636; x_wconf 79' lang='lat' dir='ltr'><strong>Adae</strong></span> <span class='ocrx_word' id='word_1_164' title='bbox 858 2586 930 2650; x_wconf 66' lang='lat' dir='ltr'><strong>§th</strong></span> <span class='ocrx_word' id='word_1_165' title='bbox 951 2587 1035 2638; x_wconf 73' lang='lat' dir='ltr'><strong>aesica</strong></span> <span class='ocrx_word' id='word_1_166' title='bbox 1051 2587 1160 2654; x_wconf 75' lang='lat' dir='ltr'><strong>septeni.</strong></span> <span class='ocrx_word' id='word_1_167' title='bbox 1194 2597 1297 2655; x_wconf 71' lang='lat' dir='ltr'><strong>septem</strong></span> <span class='ocrx_word' id='word_1_168' title='bbox 1321 2587 1457 2653; x_wconf 77' lang='lat' dir='ltr'><strong>i-gGvaa.</strong></span> <span class='ocrx_word' id='word_1_169' title='bbox 1494 2591 1567 2653; x_wconf 75' lang='lat' dir='ltr'><strong>septe</strong></span> <span class='ocrx_word' id='word_1_170' title='bbox 1588 2584 1665 2636; x_wconf 80' lang='lat' dir='ltr'><strong>Bur.</strong></span> <span class='ocrx_word' id='word_1_171' title='bbox 1704 2580 1804 2634; x_wconf 68' lang='lat' dir='ltr'><strong>Vni*</strong></span> 
     </span>
     <span class='ocr_line' id='line_1_20' title="bbox 632 2649 1802 2722; baseline -0.003 -20"><span class='ocrx_word' id='word_1_172' title='bbox 632 2652 771 2703; x_wconf 73' lang='lat' dir='ltr'><strong>naenia.</strong></span> <span class='ocrx_word' id='word_1_173' title='bbox 792 2679 826 2690; x_wconf 90' lang='lat'>-</span> <span class='ocrx_word' id='word_1_174' title='bbox 848 2653 920 2704; x_wconf 81' lang='lat' dir='ltr'><strong>vitae</strong></span> <span class='ocrx_word' id='word_1_175' title='bbox 939 2655 1056 2720; x_wconf 77' lang='lat' dir='ltr'><strong>epatium</strong></span> <span class='ocrx_word' id='word_1_176' title='bbox 1076 2658 1221 2722; x_wconf 74' lang='lat' dir='ltr'><strong>perfeetum</strong></span> <span class='ocrx_word' id='word_1_177' title='bbox 1245 2655 1379 2706; x_wconf 81' lang='lat' dir='ltr'><strong>humanae</strong></span> <span class='ocrx_word' id='word_1_178' title='bbox 1400 2654 1432 2705; x_wconf 74' lang='lat' dir='ltr'><strong>F.</strong></span> <span class='ocrx_word' id='word_1_179' title='bbox 1456 2681 1491 2692; x_wconf 91' lang='lat'><em>-</em></span> <span class='ocrx_word' id='word_1_180' title='bbox 1513 2654 1583 2721; x_wconf 83' lang='lat' dir='ltr'><strong>qaod</strong></span> <span class='ocrx_word' id='word_1_181' title='bbox 1604 2652 1740 2720; x_wconf 79' lang='lat' dir='ltr'><strong>quiaquia</strong></span> <span class='ocrx_word' id='word_1_182' title='bbox 1760 2649 1802 2700; x_wconf 85' lang='lat' dir='ltr'><strong>Rl</strong></span> 
     </span>
     <span class='ocr_line' id='line_1_21' title="bbox 631 2717 1804 2792; baseline -0.003 -21"><span class='ocrx_word' id='word_1_183' title='bbox 631 2718 793 2786; x_wconf 69' lang='lat' dir='ltr'><strong>Bana-gii.</strong></span> <span class='ocrx_word' id='word_1_184' title='bbox 809 2747 845 2760; x_wconf 87' lang='lat'><strong>--</strong></span> <span class='ocrx_word' id='word_1_185' title='bbox 861 2722 985 2772; x_wconf 79' lang='lat' dir='ltr'><strong>eaeeacrtt</strong></span> <span class='ocrx_word' id='word_1_186' title='bbox 1003 2722 1055 2772; x_wconf 86' lang='lat' dir='ltr'><strong>Rl.</strong></span> <span class='ocrx_word' id='word_1_187' title='bbox 1078 2749 1104 2759; x_wconf 90' lang='lat'>-</span> <span class='ocrx_word' id='word_1_188' title='bbox 1122 2723 1238 2774; x_wconf 75' lang='lat' dir='ltr'><strong>caercio</strong></span> <span class='ocrx_word' id='word_1_189' title='bbox 1255 2724 1394 2792; x_wconf 77' lang='lat' dir='ltr'><strong>capientia</strong></span> <span class='ocrx_word' id='word_1_190' title='bbox 1411 2721 1444 2773; x_wconf 89' lang='lat' dir='ltr'><strong>B.</strong></span> <span class='ocrx_word' id='word_1_191' title='bbox 1462 2749 1490 2759; x_wconf 92' lang='lat'>-</span> <span class='ocrx_word' id='word_1_192' title='bbox 1511 2736 1647 2772; x_wconf 77' lang='lat' dir='ltr'><strong>muneram</strong></span> <span class='ocrx_word' id='word_1_193' title='bbox 1664 2735 1718 2772; x_wconf 85' lang='lat' dir='ltr'><strong>orn.</strong></span> <span class='ocrx_word' id='word_1_194' title='bbox 1738 2717 1804 2779; x_wconf 85' lang='lat' dir='ltr'><strong>(rel.</strong></span> 
     </span>
     <span class='ocr_line' id='line_1_22' title="bbox 632 2783 1803 2854; baseline -0.005 -14"><span class='ocrx_word' id='word_1_195' title='bbox 632 2789 704 2853; x_wconf 87' lang='lat' dir='ltr'><strong>lac.)</strong></span> <span class='ocrx_word' id='word_1_196' title='bbox 727 2787 778 2838; x_wconf 86' lang='lat' dir='ltr'><strong>Rl.</strong></span> <span class='ocrx_word' id='word_1_197' title='bbox 798 2815 832 2824; x_wconf 94' lang='lat'><em>-</em></span> <span class='ocrx_word' id='word_1_198' title='bbox 854 2789 892 2839; x_wconf 84' lang='lat' dir='ltr'><strong>ad</strong></span> <span class='ocrx_word' id='word_1_199' title='bbox 910 2805 993 2854; x_wconf 77' lang='lat' dir='ltr'><strong>usqae</strong></span> <span class='ocrx_word' id='word_1_200' title='bbox 1014 2788 1142 2841; x_wconf 73' lang='lat' dir='ltr'><strong>decimam</strong></span> <span class='ocrx_word' id='word_1_201' title='bbox 1164 2789 1235 2841; x_wconf 75' lang='lat' dir='ltr'><strong>Bran.</strong></span> <span class='ocrx_word' id='word_1_202' title='bbox 1386 2795 1429 2841; x_wconf 78' lang='lat' dir='ltr'><strong>tt.</strong></span> <span class='ocrx_word' id='word_1_203' title='bbox 1464 2796 1526 2841; x_wconf 78' lang='lat' dir='ltr'><strong>auat</strong></span> <span class='ocrx_word' id='word_1_204' title='bbox 1543 2789 1613 2840; x_wconf 83' lang='lat' dir='ltr'><strong>euim</strong></span> <span class='ocrx_word' id='word_1_205' title='bbox 1633 2783 1803 2837; x_wconf 69' lang='lat' dir='ltr'><strong>Brennum</strong></span> 
     </span>
     <span class='ocr_line' id='line_1_23' title="bbox 632 2852 1803 2910; baseline -0.003 -4"><span class='ocrx_word' id='word_1_206' title='bbox 632 2855 686 2906; x_wconf 81' lang='grc' dir='ltr'><strong>Τιι.</strong></span> <span class='ocrx_word' id='word_1_207' title='bbox 723 2855 871 2907; x_wconf 71' lang='lat' dir='ltr'><strong>animarent</strong></span> <span class='ocrx_word' id='word_1_208' title='bbox 892 2854 1078 2906; x_wconf 73' lang='lat' dir='ltr'><strong>SR12Ede’.</strong></span> <span class='ocrx_word' id='word_1_209' title='bbox 1103 2883 1128 2894; x_wconf 91' lang='lat'>-</span> <span class='ocrx_word' id='word_1_210' title='bbox 1152 2865 1289 2910; x_wconf 81' lang='lat' dir='ltr'><strong>uocantur</strong></span> <span class='ocrx_word' id='word_1_211' title='bbox 1307 2856 1377 2908; x_wconf 79' lang='lat' dir='ltr'><strong>Bran.</strong></span> <span class='ocrx_word' id='word_1_212' title='bbox 1405 2884 1436 2895; x_wconf 91' lang='lat'>-</span> <span class='ocrx_word' id='word_1_213' title='bbox 1460 2865 1491 2908; x_wconf 89' lang='lat' dir='ltr'><strong>et</strong></span> <span class='ocrx_word' id='word_1_214' title='bbox 1509 2857 1636 2908; x_wconf 77' lang='lat' dir='ltr'><strong>meatibus</strong></span> <span class='ocrx_word' id='word_1_215' title='bbox 1659 2852 1803 2904; x_wconf 75' lang='lat' dir='ltr'><strong>Eddssau.</strong></span> 
     </span>
     <span class='ocr_line' id='line_1_24' title="bbox 630 2919 1804 2991; baseline -0.003 -18"><span class='ocrx_word' id='word_1_216' title='bbox 630 2923 869 2990; x_wconf 82' lang='lat' dir='ltr'><strong>—reeipieadum</strong></span> <span class='ocrx_word' id='word_1_217' title='bbox 887 2921 919 2974; x_wconf 62' lang='grc' dir='ltr'><strong>[ι’.</strong></span> <span class='ocrx_word' id='word_1_218' title='bbox 936 2931 1084 2991; x_wconf 80' lang='lat' dir='ltr'><strong>-guttur</strong></span> <span class='ocrx_word' id='word_1_219' title='bbox 1100 2925 1187 2977; x_wconf 83' lang='lat' dir='ltr'><strong>vesica</strong></span> <span class='ocrx_word' id='word_1_220' title='bbox 1206 2926 1284 2976; x_wconf 75' lang='lat' dir='ltr'><strong>aluus</strong></span> <span class='ocrx_word' id='word_1_221' title='bbox 1301 2925 1450 2977; x_wconf 79' lang='lat' dir='ltr'><strong>stomachus</strong></span> <span class='ocrx_word' id='word_1_222' title='bbox 1468 2925 1519 2974; x_wconf 79' lang='lat' dir='ltr'><strong>Ra.</strong></span> <span class='ocrx_word' id='word_1_223' title='bbox 1536 2951 1572 2962; x_wconf 88' lang='lat'>-</span> <span class='ocrx_word' id='word_1_224' title='bbox 1593 2931 1618 2976; x_wconf 92' lang='lat' dir='ltr'><strong>et</strong></span> <span class='ocrx_word' id='word_1_225' title='bbox 1633 2929 1745 2973; x_wconf 82' lang='lat' dir='ltr'><strong>cetera</strong></span> <span class='ocrx_word' id='word_1_226' title='bbox 1759 2919 1804 2970; x_wconf 86' lang='lat' dir='ltr'><strong>ia-</strong></span> 
     </span>
     <span class='ocr_line' id='line_1_25' title="bbox 630 2988 1803 3060; baseline -0.006 -17"><span class='ocrx_word' id='word_1_227' title='bbox 630 2991 728 3043; x_wconf 82' lang='lat' dir='ltr'><strong>teatiaa</strong></span> <span class='ocrx_word' id='word_1_228' title='bbox 745 2991 829 3057; x_wconf 80' lang='lat' dir='ltr'><strong>princ.</strong></span> <span class='ocrx_word' id='word_1_229' title='bbox 853 2990 905 3041; x_wconf 80' lang='lat' dir='ltr'><strong>tta.</strong></span> <span class='ocrx_word' id='word_1_230' title='bbox 943 2997 969 3042; x_wconf 89' lang='lat' dir='ltr'><strong>et</strong></span> <span class='ocrx_word' id='word_1_231' title='bbox 987 2992 1121 3043; x_wconf 78' lang='lat' dir='ltr'><strong>intestina.</strong></span> <span class='ocrx_word' id='word_1_232' title='bbox 1150 2993 1317 3060; x_wconf 76' lang='lat' dir='ltr'><strong>Principalia</strong></span> <span class='ocrx_word' id='word_1_233' title='bbox 1341 2992 1391 3043; x_wconf 83' lang='lat' dir='ltr'><strong>Rl.</strong></span> <span class='ocrx_word' id='word_1_234' title='bbox 1414 3021 1448 3032; x_wconf 91' lang='lat'><em>-</em></span> <span class='ocrx_word' id='word_1_235' title='bbox 1470 2991 1515 3043; x_wconf 80' lang='lat' dir='ltr'><strong>aaa&#39;</strong></span> <span class='ocrx_word' id='word_1_236' title='bbox 1538 2991 1569 3041; x_wconf 91' lang='grc' dir='ltr'><strong>Β.</strong></span> <span class='ocrx_word' id='word_1_237' title='bbox 1610 2988 1803 3056; x_wconf 81' lang='lat' dir='ltr'><strong>„Faciendum</strong></span> 
     </span>
     <span class='ocr_line' id='line_1_26' title="bbox 630 3057 1805 3126; baseline -0.003 -17"><span class='ocrx_word' id='word_1_238' title='bbox 630 3075 692 3109; x_wconf 90' lang='lat' dir='ltr'><strong>cum</strong></span> <span class='ocrx_word' id='word_1_239' title='bbox 711 3057 856 3120; x_wconf 64' lang='lat' dir='ltr'><strong>deuterio,</strong></span> <span class='ocrx_word' id='word_1_240' title='bbox 879 3058 960 3109; x_wconf 83' lang='lat' dir='ltr'><strong>imum</strong></span> <span class='ocrx_word' id='word_1_241' title='bbox 981 3059 1147 3126; x_wconf 80' lang='lat' dir='ltr'><strong>disaiptam.“</strong></span> <span class='ocrx_word' id='word_1_242' title='bbox 1167 3060 1247 3111; x_wconf 84' lang='lat' dir='ltr'><strong>Pont.</strong></span> <span class='ocrx_word' id='word_1_243' title='bbox 1283 3059 1387 3112; x_wconf 78' lang='lat' dir='ltr'><strong>Contra</strong></span> <span class='ocrx_word' id='word_1_244' title='bbox 1404 3059 1510 3111; x_wconf 86' lang='lat' dir='ltr'><strong>Zeunio</strong></span> <span class='ocrx_word' id='word_1_245' title='bbox 1527 3059 1610 3126; x_wconf 82' lang='lat' dir='ltr'><strong>plene</strong></span> <span class='ocrx_word' id='word_1_246' title='bbox 1627 3058 1723 3123; x_wconf 86' lang='lat' dir='ltr'><strong>inepta</strong></span> <span class='ocrx_word' id='word_1_247' title='bbox 1740 3072 1805 3107; x_wconf 79' lang='lat' dir='ltr'><strong>eaeo</strong></span> 
     </span>
     <span class='ocr_line' id='line_1_27' title="bbox 630 3123 1803 3194; baseline -0.005 -15"><span class='ocrx_word' id='word_1_248' title='bbox 630 3126 742 3179; x_wconf 84' lang='lat' dir='ltr'><strong>videtur</strong></span> <span class='ocrx_word' id='word_1_249' title='bbox 763 3125 835 3176; x_wconf 86' lang='lat' dir='ltr'><strong>heac</strong></span> <span class='ocrx_word' id='word_1_250' title='bbox 852 3125 1020 3177; x_wconf 82' lang='lat' dir='ltr'><strong>emendatio.</strong></span> <span class='ocrx_word' id='word_1_251' title='bbox 1046 3155 1074 3165; x_wconf 94' lang='lat'><em>-</em></span> <span class='ocrx_word' id='word_1_252' title='bbox 1102 3128 1242 3194; x_wconf 79' lang='lat' dir='ltr'><strong>dietiptem</strong></span> <span class='ocrx_word' id='word_1_253' title='bbox 1262 3127 1447 3179; x_wconf 72' lang='lat' dir='ltr'><strong>Besa-zara.</strong></span> <span class='ocrx_word' id='word_1_254' title='bbox 1483 3127 1632 3194; x_wconf 73' lang='lat' dir='ltr'><strong>dissipium</strong></span> <span class='ocrx_word' id='word_1_255' title='bbox 1650 3141 1710 3191; x_wconf 71' lang='grc' dir='ltr'><strong>ι-ς.</strong></span> <span class='ocrx_word' id='word_1_256' title='bbox 1745 3123 1803 3174; x_wconf 82' lang='lat' dir='ltr'><strong>die-</strong></span> 
     </span>
     <span class='ocr_line' id='line_1_28' title="bbox 629 3193 1803 3263; baseline -0.004 -17"><span class='ocrx_word' id='word_1_257' title='bbox 629 3202 741 3261; x_wconf 81' lang='lat' dir='ltr'><strong>septam</strong></span> <span class='ocrx_word' id='word_1_258' title='bbox 754 3193 865 3245; x_wconf 79' lang='lat' dir='ltr'><strong>bPBrru.</strong></span> <span class='ocrx_word' id='word_1_259' title='bbox 878 3193 934 3261; x_wconf 83' lang='lat' dir='ltr'><strong>[hg</strong></span> <span class='ocrx_word' id='word_1_260' title='bbox 948 3193 975 3245; x_wconf 86' lang='lat' dir='ltr'><strong>in</strong></span> <span class='ocrx_word' id='word_1_261' title='bbox 990 3200 1070 3263; x_wconf 80' lang='lat' dir='ltr'><strong>mg.).</strong></span> <span class='ocrx_word' id='word_1_262' title='bbox 1101 3195 1205 3248; x_wconf 80' lang='lat' dir='ltr'><strong>Probat</strong></span> <span class='ocrx_word' id='word_1_263' title='bbox 1217 3196 1313 3259; x_wconf 66' lang='lat' dir='ltr'><strong>Zeno„</strong></span> <span class='ocrx_word' id='word_1_264' title='bbox 1330 3195 1401 3262; x_wconf 92' lang='lat' dir='ltr'><strong>quod</strong></span> <span class='ocrx_word' id='word_1_265' title='bbox 1416 3212 1433 3247; x_wconf 93' lang='grc' dir='ltr'><strong>ιι</strong></span> <span class='ocrx_word' id='word_1_266' title='bbox 1443 3193 1526 3247; x_wconf 81' lang='lat' dir='ltr'><strong>Celso</strong></span> <span class='ocrx_word' id='word_1_267' title='bbox 1540 3194 1682 3246; x_wconf 86' lang='lat' dir='ltr'><strong>diceretur</strong></span> <span class='ocrx_word' id='word_1_268' title='bbox 1692 3197 1803 3258; x_wconf 80' lang='lat' dir='ltr'><strong>septum</strong></span> 
     </span>
     <span class='ocr_line' id='line_1_29' title="bbox 630 3258 1802 3345; baseline -0.005 -32"><span class='ocrx_word' id='word_1_269' title='bbox 630 3270 831 3313; x_wconf 77' lang='lat' dir='ltr'><strong>transversum.</strong></span> <span class='ocrx_word' id='word_1_270' title='bbox 867 3262 1001 3329; x_wconf 75' lang='lat' dir='ltr'><strong>deceptura</strong></span> <span class='ocrx_word' id='word_1_271' title='bbox 1019 3264 1053 3314; x_wconf 82' lang='lat' dir='ltr'><strong>G.</strong></span> <span class='ocrx_word' id='word_1_272' title='bbox 1076 3288 1108 3301; x_wconf 94' lang='lat'><strong>·-</strong></span> <span class='ocrx_word' id='word_1_273' title='bbox 1130 3266 1201 3345; x_wconf 72' lang='lat' dir='ltr'><strong>qued</strong></span> <span class='ocrx_word' id='word_1_274' title='bbox 1215 3272 1375 3317; x_wconf 84' lang='lat' dir='ltr'><strong>meseateroa</strong></span> <span class='ocrx_word' id='word_1_275' title='bbox 1393 3280 1495 3343; x_wconf 76' lang='lat' dir='ltr'><strong>ocean</strong></span> <span class='ocrx_word' id='word_1_276' title='bbox 1503 3271 1514 3315; x_wconf 91' lang='lat' dir='ltr'><strong>t</strong></span> <span class='ocrx_word' id='word_1_277' title='bbox 1531 3260 1731 3341; x_wconf 47' lang='lat' dir='ltr'><strong>(om3Graete&#39;)</strong></span> <span class='ocrx_word' id='word_1_278' title='bbox 1750 3258 1802 3308; x_wconf 80' lang='lat' dir='ltr'><strong>ut.</strong></span> 
     </span>
     <span class='ocr_line' id='line_1_30' title="bbox 629 3324 1801 3465; baseline -0.005 -17"><span class='ocrx_word' id='word_1_279' title='bbox 629 3326 955 3463; x_wconf 59' lang='lat' dir='ltr'><strong>{tt‘tttt‘tttl</strong></span> <span class='ocrx_word' id='word_1_280' title='bbox 968 3332 1567 3465; x_wconf 56' lang='lat' dir='ltr'><strong>&#39;ttffittt¹·azr.tt⁰‘t„‘itz⁰t&#39;“ttt</strong></span> <span class='ocrx_word' id='word_1_281' title='bbox 1583 3324 1747 3461; x_wconf 62' lang='lat' dir='ltr'><strong>‘latf&#39;hlt</strong></span> <span class='ocrx_word' id='word_1_282' title='bbox 1767 3351 1801 3455; x_wconf 68' lang='lat' dir='ltr'><strong>ii</strong></span> 
     </span>
     <span class='ocr_line' id='line_1_31' title="bbox 632 3458 1801 3535; baseline -0.005 -20"><span class='ocrx_word' id='word_1_283' title='bbox 632 3465 667 3515; x_wconf 86' lang='lat' dir='ltr'><strong>G.</strong></span> <span class='ocrx_word' id='word_1_284' title='bbox 690 3489 724 3501; x_wconf 89' lang='lat'>-</span> <span class='ocrx_word' id='word_1_285' title='bbox 746 3472 917 3516; x_wconf 79' lang='lat' dir='ltr'><strong>vocaverant</strong></span> <span class='ocrx_word' id='word_1_286' title='bbox 940 3464 1106 3533; x_wconf 69' lang='lat' dir='ltr'><strong>Bamchgfl.</strong></span> <span class='ocrx_word' id='word_1_287' title='bbox 1128 3492 1161 3505; x_wconf 94' lang='lat'><strong>·-</strong></span> <span class='ocrx_word' id='word_1_288' title='bbox 1185 3468 1364 3535; x_wconf 79' lang='lat' dir='ltr'><strong>praecipiam</strong></span> <span class='ocrx_word' id='word_1_289' title='bbox 1390 3465 1459 3516; x_wconf 81' lang='lat' dir='ltr'><strong>Bau.</strong></span> <span class='ocrx_word' id='word_1_290' title='bbox 1495 3464 1679 3531; x_wconf 72' lang='lat' dir='ltr'><strong>principium</strong></span> <span class='ocrx_word' id='word_1_291' title='bbox 1698 3458 1801 3511; x_wconf 72' lang='lat' dir='ltr'><strong>esim</strong></span> 
     </span>
     <span class='ocr_line' id='line_1_32' title="bbox 630 3525 1801 3602; baseline -0.006 -18"><span class='ocrx_word' id='word_1_292' title='bbox 630 3548 648 3584; x_wconf 83' lang='grc' dir='ltr'><strong>ιι</strong></span> <span class='ocrx_word' id='word_1_293' title='bbox 667 3549 692 3597; x_wconf 85' lang='lat' dir='ltr'><strong>p.</strong></span> <span class='ocrx_word' id='word_1_294' title='bbox 710 3547 745 3581; x_wconf 87' lang='lat' dir='ltr'><strong>ru.</strong></span> <span class='ocrx_word' id='word_1_295' title='bbox 780 3530 977 3599; x_wconf 80' lang='lat' dir='ltr'><strong>„Praecipuum</strong></span> <span class='ocrx_word' id='word_1_296' title='bbox 995 3532 1121 3602; x_wconf 80' lang='lat' dir='ltr'><strong>intelligi</strong></span> <span class='ocrx_word' id='word_1_297' title='bbox 1141 3542 1233 3598; x_wconf 75' lang='lat' dir='ltr'><strong>potent</strong></span> <span class='ocrx_word' id='word_1_298' title='bbox 1249 3535 1295 3585; x_wconf 87' lang='lat' dir='ltr'><strong>vel</strong></span> <span class='ocrx_word' id='word_1_299' title='bbox 1312 3551 1362 3585; x_wconf 80' lang='lat' dir='ltr'><strong>usu</strong></span> <span class='ocrx_word' id='word_1_300' title='bbox 1383 3534 1428 3583; x_wconf 75' lang='lat' dir='ltr'><strong>vel</strong></span> <span class='ocrx_word' id='word_1_301' title='bbox 1447 3530 1594 3600; x_wconf 71' lang='lat' dir='ltr'><strong>dignitate,</strong></span> <span class='ocrx_word' id='word_1_302' title='bbox 1611 3530 1646 3581; x_wconf 85' lang='lat' dir='ltr'><strong>cl.</strong></span> <span class='ocrx_word' id='word_1_303' title='bbox 1663 3528 1722 3580; x_wconf 81' lang='lat' dir='ltr'><strong>Sat.</strong></span> <span class='ocrx_word' id='word_1_304' title='bbox 1739 3525 1801 3590; x_wconf 82' lang='lat' dir='ltr'><strong>vll,</strong></span> 
     </span>
     <span class='ocr_line' id='line_1_33' title="bbox 630 3594 1803 3668; baseline -0.004 -18"><span class='ocrx_word' id='word_1_305' title='bbox 630 3598 688 3665; x_wconf 78' lang='lat'><strong>9[§</strong></span> <span class='ocrx_word' id='word_1_306' title='bbox 706 3598 772 3664; x_wconf 80' lang='lat'><strong>22.].</strong></span> <span class='ocrx_word' id='word_1_307' title='bbox 808 3597 906 3665; x_wconf 83' lang='lat' dir='ltr'><strong>ltaque</strong></span> <span class='ocrx_word' id='word_1_308' title='bbox 925 3600 997 3652; x_wconf 89' lang='lat' dir='ltr'><strong>nihil</strong></span> <span class='ocrx_word' id='word_1_309' title='bbox 1016 3618 1089 3653; x_wconf 89' lang='lat' dir='ltr'><strong>nunc</strong></span> <span class='ocrx_word' id='word_1_310' title='bbox 1107 3601 1317 3654; x_wconf 81' lang='lat' dir='ltr'><strong>sollicitandum</strong></span> <span class='ocrx_word' id='word_1_311' title='bbox 1335 3596 1556 3668; x_wconf 78' lang='lat' dir='ltr'><strong>prohrrntiarern,</strong></span> <span class='ocrx_word' id='word_1_312' title='bbox 1573 3597 1629 3651; x_wconf 79' lang='lat' dir='ltr'><strong>nisi</strong></span> <span class='ocrx_word' id='word_1_313' title='bbox 1647 3596 1676 3649; x_wconf 89' lang='lat' dir='ltr'><strong>in</strong></span> <span class='ocrx_word' id='word_1_314' title='bbox 1694 3594 1803 3647; x_wconf 75' lang='lat' dir='ltr'><strong>dnobus</strong></span> 
     </span>
     <span class='ocr_line' id='line_1_34' title="bbox 633 3662 1800 3736; baseline -0.004 -18"><span class='ocrx_word' id='word_1_315' title='bbox 633 3666 716 3718; x_wconf 80' lang='lat' dir='ltr'><strong>libris</strong></span> <span class='ocrx_word' id='word_1_316' title='bbox 733 3665 879 3717; x_wconf 80' lang='lat' dir='ltr'><strong>obveniret</strong></span> <span class='ocrx_word' id='word_1_317' title='bbox 896 3668 1071 3736; x_wconf 78' lang='lat' dir='ltr'><strong>principiam,</strong></span> <span class='ocrx_word' id='word_1_318' title='bbox 1091 3672 1164 3720; x_wconf 89' lang='lat' dir='ltr'><strong>unda</strong></span> <span class='ocrx_word' id='word_1_319' title='bbox 1182 3670 1326 3721; x_wconf 77' lang='lat' dir='ltr'><strong>tartensis:</strong></span> <span class='ocrx_word' id='word_1_320' title='bbox 1347 3670 1474 3736; x_wconf 76' lang='lat' dir='ltr'><strong>habetque</strong></span> <span class='ocrx_word' id='word_1_321' title='bbox 1488 3667 1657 3736; x_wconf 79' lang='lat' dir='ltr'><strong>principium·</strong></span> <span class='ocrx_word' id='word_1_322' title='bbox 1692 3662 1800 3730; x_wconf 84' lang='lat' dir='ltr'><strong>Salpia.</strong></span> 
     </span>
     <span class='ocr_line' id='line_1_35' title="bbox 630 3732 1803 3802; baseline -0.003 -17"><span class='ocrx_word' id='word_1_323' title='bbox 630 3734 726 3785; x_wconf 79' lang='lat' dir='ltr'><strong>Seuer.</strong></span> <span class='ocrx_word' id='word_1_324' title='bbox 750 3733 778 3785; x_wconf 90' lang='lat' dir='ltr'><strong>in</strong></span> <span class='ocrx_word' id='word_1_325' title='bbox 802 3732 870 3785; x_wconf 81' lang='lat' dir='ltr'><strong>hiat.</strong></span> <span class='ocrx_word' id='word_1_326' title='bbox 894 3751 950 3786; x_wconf 82' lang='lat' dir='ltr'><strong>aec.</strong></span> <span class='ocrx_word' id='word_1_327' title='bbox 974 3738 1099 3788; x_wconf 80' lang='lat' dir='ltr'><strong>maiorem</strong></span> <span class='ocrx_word' id='word_1_328' title='bbox 1120 3739 1227 3790; x_wconf 82' lang='lat' dir='ltr'><strong>minaris</strong></span> <span class='ocrx_word' id='word_1_329' title='bbox 1249 3738 1411 3789; x_wconf 81' lang='lat' dir='ltr'><strong>subdendam</strong></span> <span class='ocrx_word' id='word_1_330' title='bbox 1436 3753 1492 3787; x_wconf 84' lang='lat' dir='ltr'><strong>eece</strong></span> <span class='ocrx_word' id='word_1_331' title='bbox 1532 3735 1655 3802; x_wconf 83' lang='lat' dir='ltr'><strong>rineipia,</strong></span> <span class='ocrx_word' id='word_1_332' title='bbox 1686 3737 1803 3783; x_wconf 85' lang='lat' dir='ltr'><strong>notante</strong></span> 
     </span>
     <span class='ocr_line' id='line_1_36' title="bbox 629 3752 1801 3871; baseline -0.003 -18"><span class='ocrx_word' id='word_1_333' title='bbox 629 3800 756 3853; x_wconf 83' lang='lat' dir='ltr'><strong>Burthio.</strong></span> <span class='ocrx_word' id='word_1_334' title='bbox 791 3801 870 3851; x_wconf 80' lang='lat' dir='ltr'><strong>Adde</strong></span> <span class='ocrx_word' id='word_1_335' title='bbox 886 3801 961 3869; x_wconf 73' lang='lat' dir='ltr'><strong>[ripe.</strong></span> <span class='ocrx_word' id='word_1_336' title='bbox 980 3804 1014 3853; x_wconf 86' lang='lat' dir='ltr'><strong>ad</strong></span> <span class='ocrx_word' id='word_1_337' title='bbox 1031 3802 1100 3855; x_wconf 84' lang='lat' dir='ltr'><strong>Tea.</strong></span> <span class='ocrx_word' id='word_1_338' title='bbox 1114 3806 1263 3871; x_wconf 78' lang='lat' dir='ltr'><strong>Ann.l[c.</strong></span> <span class='ocrx_word' id='word_1_339' title='bbox 1283 3806 1369 3871; x_wconf 81' lang='lat' dir='ltr'><strong>6l.]·“</strong></span> <span class='ocrx_word' id='word_1_340' title='bbox 1389 3805 1475 3855; x_wconf 85' lang='lat' dir='ltr'><strong>Gran.</strong></span> <span class='ocrx_word' id='word_1_341' title='bbox 1510 3752 1683 3871; x_wconf 62' lang='lat' dir='ltr'><strong>garipturam</strong></span> <span class='ocrx_word' id='word_1_342' title='bbox 1697 3798 1801 3868; x_wconf 80' lang='lat' dir='ltr'><strong>prinei-</strong></span> 
     </span>
    </p>
   </div>
   <div class='ocr_carea' id='block_1_5' title="bbox 626 3868 1802 3938">
    <p class='ocr_par' dir='ltr' id='par_1_5' title="bbox 626 3868 1802 3938">
     <span class='ocr_line' id='line_1_37' title="bbox 626 3868 1802 3938; baseline -0.003 -17"><span class='ocrx_word' id='word_1_343' title='bbox 626 3871 702 3938; x_wconf 81' lang='lat' dir='ltr'><strong>piem</strong></span> <span class='ocrx_word' id='word_1_344' title='bbox 721 3868 823 3937; x_wconf 85' lang='lat' dir='ltr'><strong>probat</strong></span> <span class='ocrx_word' id='word_1_345' title='bbox 840 3870 926 3922; x_wconf 86' lang='lat' dir='ltr'><strong>Zenu.</strong></span> <span class='ocrx_word' id='word_1_346' title='bbox 962 3870 1023 3922; x_wconf 88' lang='lat' dir='ltr'><strong>Vid.</strong></span> <span class='ocrx_word' id='word_1_347' title='bbox 1044 3878 1102 3924; x_wconf 85' lang='lat' dir='ltr'><strong>not.</strong></span> <span class='ocrx_word' id='word_1_348' title='bbox 1122 3902 1156 3912; x_wconf 92' lang='lat'><strong>-·</strong></span> <span class='ocrx_word' id='word_1_349' title='bbox 1178 3874 1229 3927; x_wconf 83' lang='lat' dir='ltr'><strong>eidi</strong></span> <span class='ocrx_word' id='word_1_350' title='bbox 1250 3890 1304 3925; x_wconf 89' lang='lat' dir='ltr'><strong>our.</strong></span> <span class='ocrx_word' id='word_1_351' title='bbox 1327 3874 1393 3935; x_wconf 86' lang='lat' dir='ltr'><strong>(rel.</strong></span> <span class='ocrx_word' id='word_1_352' title='bbox 1412 3873 1482 3934; x_wconf 84' lang='lat' dir='ltr'><strong>lue.)</strong></span> <span class='ocrx_word' id='word_1_353' title='bbox 1500 3870 1553 3923; x_wconf 80' lang='lat' dir='ltr'><strong>Rl·</strong></span> <span class='ocrx_word' id='word_1_354' title='bbox 1579 3898 1611 3909; x_wconf 93' lang='lat'>-</span> <span class='ocrx_word' id='word_1_355' title='bbox 1634 3869 1802 3922; x_wconf 83' lang='lat' dir='ltr'><strong>detrimenta</strong></span> 
     </span>
    </p>
   </div>
   <div class='ocr_carea' id='block_1_6' title="bbox 628 4020 1820 5376">
    <p class='ocr_par' dir='ltr' id='par_1_6' title="bbox 631 4020 1801 4156">
     <span class='ocr_line' id='line_1_38' title="bbox 632 4020 1801 4092; baseline -0.002 -20"><span class='ocrx_word' id='word_1_356' title='bbox 632 4025 678 4081; x_wconf 81' lang='lat'><strong>16,</strong></span> <span class='ocrx_word' id='word_1_357' title='bbox 704 4024 747 4071; x_wconf 76' lang='lat'><strong>22.</strong></span> <span class='ocrx_word' id='word_1_358' title='bbox 774 4027 804 4073; x_wconf 87' lang='lat' dir='ltr'><strong>ut</strong></span> <span class='ocrx_word' id='word_1_359' title='bbox 826 4021 876 4072; x_wconf 79' lang='lat' dir='ltr'><strong>hoe</strong></span> <span class='ocrx_word' id='word_1_360' title='bbox 904 4022 960 4073; x_wconf 84' lang='lat' dir='ltr'><strong>solo</strong></span> <span class='ocrx_word' id='word_1_361' title='bbox 982 4040 1000 4074; x_wconf 89' lang='lat' dir='ltr'><strong>a</strong></span> <span class='ocrx_word' id='word_1_362' title='bbox 1019 4040 1048 4076; x_wconf 84' lang='lat' dir='ltr'><strong>ee</strong></span> <span class='ocrx_word' id='word_1_363' title='bbox 1075 4024 1193 4092; x_wconf 79' lang='lat' dir='ltr'><strong>differat,</strong></span> <span class='ocrx_word' id='word_1_364' title='bbox 1242 4023 1314 4088; x_wconf 85' lang='lat' dir='ltr'><strong>ciat,</strong></span> <span class='ocrx_word' id='word_1_365' title='bbox 1348 4022 1463 4076; x_wconf 68' lang='lat' dir='ltr'><strong>dulcium</strong></span> <span class='ocrx_word' id='word_1_366' title='bbox 1487 4040 1540 4075; x_wconf 86' lang='lat' dir='ltr'><strong>non</strong></span> <span class='ocrx_word' id='word_1_367' title='bbox 1562 4027 1606 4074; x_wconf 84' lang='lat' dir='ltr'><strong>est</strong></span> <span class='ocrx_word' id='word_1_368' title='bbox 1624 4039 1640 4073; x_wconf 83' lang='lat' dir='ltr'><strong>e</strong></span> <span class='ocrx_word' id='word_1_369' title='bbox 1659 4020 1714 4073; x_wconf 89' lang='lat' dir='ltr'><strong>loci</strong></span> <span class='ocrx_word' id='word_1_370' title='bbox 1734 4031 1801 4071; x_wconf 89' lang='lat' dir='ltr'><strong>con·</strong></span> 
     </span>
     <span class='ocr_line' id='line_1_39' title="bbox 631 4086 1801 4156; baseline -0.003 -17"><span class='ocrx_word' id='word_1_371' title='bbox 631 4089 702 4156; x_wconf 80' lang='lat' dir='ltr'><strong>qnod</strong></span> <span class='ocrx_word' id='word_1_372' title='bbox 719 4091 805 4140; x_wconf 83' lang='lat' dir='ltr'><strong>maiar</strong></span> <span class='ocrx_word' id='word_1_373' title='bbox 823 4090 941 4140; x_wconf 82' lang='lat' dir='ltr'><strong>minorve</strong></span> <span class='ocrx_word' id='word_1_374' title='bbox 958 4090 1001 4143; x_wconf 83' lang='lat' dir='ltr'><strong>eit.</strong></span> <span class='ocrx_word' id='word_1_375' title='bbox 1242 4098 1329 4145; x_wconf 83' lang='lat' dir='ltr'><strong>textu.</strong></span> <span class='ocrx_word' id='word_1_376' title='bbox 1364 4091 1418 4143; x_wconf 89' lang='lat' dir='ltr'><strong>Sed</strong></span> <span class='ocrx_word' id='word_1_377' title='bbox 1437 4094 1531 4144; x_wconf 77' lang='lat' dir='ltr'><strong>altstat</strong></span> <span class='ocrx_word' id='word_1_378' title='bbox 1547 4090 1701 4142; x_wconf 81' lang='lat' dir='ltr'><strong>auctoritas</strong></span> <span class='ocrx_word' id='word_1_379' title='bbox 1713 4086 1801 4149; x_wconf 79' lang='lat' dir='ltr'><strong>Festi,</strong></span> 
     </span>
    </p>

    <p class='ocr_par' dir='ltr' id='par_1_7' title="bbox 628 4154 1801 4426">
     <span class='ocr_line' id='line_1_40' title="bbox 663 4154 1801 4226; baseline -0.004 -20"><span class='ocrx_word' id='word_1_380' title='bbox 663 4159 706 4206; x_wconf 79' lang='grc'><strong>76.</strong></span> <span class='ocrx_word' id='word_1_381' title='bbox 747 4157 860 4207; x_wconf 82' lang='lat' dir='ltr'><strong>aliorum</strong></span> <span class='ocrx_word' id='word_1_382' title='bbox 887 4174 1023 4209; x_wconf 76' lang='grc' dir='ltr'><strong>πιιιιιοτιιιιι</strong></span> <span class='ocrx_word' id='word_1_383' title='bbox 1054 4160 1194 4211; x_wconf 82' lang='lat' dir='ltr'><strong>vacatione</strong></span> <span class='ocrx_word' id='word_1_384' title='bbox 1242 4160 1303 4226; x_wconf 84' lang='lat' dir='ltr'><strong>qui:</strong></span> <span class='ocrx_word' id='word_1_385' title='bbox 1330 4160 1414 4222; x_wconf 83' lang='lat' dir='ltr'><strong>Hira,</strong></span> <span class='ocrx_word' id='word_1_386' title='bbox 1432 4158 1538 4225; x_wconf 86' lang='lat' dir='ltr'><strong>inquit,</strong></span> <span class='ocrx_word' id='word_1_387' title='bbox 1555 4174 1623 4224; x_wconf 84' lang='lat' dir='ltr'><strong>quae</strong></span> <span class='ocrx_word' id='word_1_388' title='bbox 1640 4154 1801 4206; x_wconf 75' lang='lat' dir='ltr'><strong>‹lerniautiee</strong></span> 
     </span>
     <span class='ocr_line' id='line_1_41' title="bbox 628 4221 1801 4292; baseline -0.003 -19"><span class='ocrx_word' id='word_1_389' title='bbox 628 4224 799 4288; x_wconf 79' lang='lat' dir='ltr'><strong>reuerendus]</strong></span> <span class='ocrx_word' id='word_1_390' title='bbox 817 4222 875 4274; x_wconf 84' lang='lat' dir='ltr'><strong>i.e·</strong></span> <span class='ocrx_word' id='word_1_391' title='bbox 893 4242 955 4275; x_wconf 90' lang='lat' dir='ltr'><strong>cum</strong></span> <span class='ocrx_word' id='word_1_392' title='bbox 975 4226 1000 4276; x_wconf 90' lang='lat' dir='ltr'><strong>ei</strong></span> <span class='ocrx_word' id='word_1_393' title='bbox 1019 4228 1193 4278; x_wconf 57' lang='lat' dir='ltr'><strong>terrerentiae</strong></span> <span class='ocrx_word' id='word_1_394' title='bbox 1242 4228 1340 4279; x_wconf 80' lang='lat' dir='ltr'><strong>dieitur</strong></span> <span class='ocrx_word' id='word_1_395' title='bbox 1366 4225 1448 4289; x_wconf 78' lang='lat' dir='ltr'><strong>latita,</strong></span> <span class='ocrx_word' id='word_1_396' title='bbox 1482 4242 1561 4292; x_wconf 84' lang='lat' dir='ltr'><strong>quam</strong></span> <span class='ocrx_word' id='word_1_397' title='bbox 1589 4223 1685 4275; x_wconf 83' lang='lat' dir='ltr'><strong>Graeci</strong></span> <span class='ocrx_word' id='word_1_398' title='bbox 1709 4221 1801 4272; x_wconf 82' lang='lat' dir='ltr'><strong>dicuat</strong></span> 
     </span>
     <span class='ocr_line' id='line_1_42' title="bbox 629 4289 1801 4371; baseline -0.003 -30"><span class='ocrx_word' id='word_1_399' title='bbox 629 4305 717 4341; x_wconf 75' lang='lat' dir='ltr'><strong>carrea</strong></span> <span class='ocrx_word' id='word_1_400' title='bbox 735 4290 855 4342; x_wconf 84' lang='lat' dir='ltr'><strong>aliorum</strong></span> <span class='ocrx_word' id='word_1_401' title='bbox 878 4308 1023 4344; x_wconf 87' lang='lat' dir='ltr'><strong>munerum</strong></span> <span class='ocrx_word' id='word_1_402' title='bbox 1044 4294 1134 4347; x_wconf 86' lang='lat' dir='ltr'><strong>dandd</strong></span> <span class='ocrx_word' id='word_1_403' title='bbox 1154 4294 1193 4346; x_wconf 83' lang='lat' dir='ltr'><strong>ait</strong></span> <span class='ocrx_word' id='word_1_404' title='bbox 1240 4293 1343 4360; x_wconf 79' lang='grc' dir='ltr'><strong>νῆστιν,</strong></span> <span class='ocrx_word' id='word_1_405' title='bbox 1362 4294 1514 4345; x_wconf 78' lang='lat' dir='ltr'><strong>intestinam</strong></span> <span class='ocrx_word' id='word_1_406' title='bbox 1531 4299 1579 4357; x_wconf 85' lang='lat' dir='ltr'><strong>est,</strong></span> <span class='ocrx_word' id='word_1_407' title='bbox 1596 4291 1666 4371; x_wconf 86' lang='lat' dir='ltr'><strong>qnod</strong></span> <span class='ocrx_word' id='word_1_408' title='bbox 1683 4289 1801 4340; x_wconf 82' lang='lat' dir='ltr'><strong>ieiunam</strong></span> 
     </span>
     <span class='ocr_line' id='line_1_43' title="bbox 631 4354 1801 4426; baseline -0.008 -13"><span class='ocrx_word' id='word_1_409' title='bbox 631 4356 752 4409; x_wconf 72' lang='lat' dir='ltr'><strong>vocatio·</strong></span> <span class='ocrx_word' id='word_1_410' title='bbox 1241 4368 1345 4413; x_wconf 81' lang='lat' dir='ltr'><strong>vacant.</strong></span> <span class='ocrx_word' id='word_1_411' title='bbox 1380 4359 1450 4426; x_wconf 80' lang='lat' dir='ltr'><strong>[vid.</strong></span> <span class='ocrx_word' id='word_1_412' title='bbox 1475 4360 1555 4411; x_wconf 80' lang='lat' dir='ltr'><strong>Paul.</strong></span> <span class='ocrx_word' id='word_1_413' title='bbox 1575 4360 1653 4411; x_wconf 85' lang='lat' dir='ltr'><strong>Drac.</strong></span> <span class='ocrx_word' id='word_1_414' title='bbox 1673 4374 1697 4407; x_wconf 84' lang='grc' dir='ltr'><strong>ι.</strong></span> <span class='ocrx_word' id='word_1_415' title='bbox 1715 4356 1745 4405; x_wconf 90' lang='lat' dir='ltr'><strong>h.</strong></span> <span class='ocrx_word' id='word_1_416' title='bbox 1763 4354 1801 4421; x_wconf 68' lang='lat' dir='ltr'><strong>n]</strong></span> 
     </span>
    </p>

    <p class='ocr_par' dir='ltr' id='par_1_8' title="bbox 630 4424 1803 4693">
     <span class='ocr_line' id='line_1_44' title="bbox 667 4424 1803 4494; baseline 0.003 -21"><span class='ocrx_word' id='word_1_417' title='bbox 667 4430 711 4474; x_wconf 78' lang='lat' dir='ltr'><strong>tt.</strong></span> <span class='ocrx_word' id='word_1_418' title='bbox 747 4424 897 4491; x_wconf 82' lang='lat' dir='ltr'><strong>diesiptma]</strong></span> <span class='ocrx_word' id='word_1_419' title='bbox 932 4427 1099 4494; x_wconf 83' lang='lat' dir='ltr'><strong>„Dieeiptum</strong></span> <span class='ocrx_word' id='word_1_420' title='bbox 1133 4427 1192 4480; x_wconf 83' lang='lat' dir='ltr'><strong>dis-</strong></span> <span class='ocrx_word' id='word_1_421' title='bbox 1241 4426 1370 4479; x_wconf 66' lang='lat' dir='ltr'><strong>attenti</strong></span> <span class='ocrx_word' id='word_1_422' title='bbox 1388 4425 1704 4479; x_wconf 81' lang='lat' dir='ltr'><strong>auctoritaauobianon</strong></span> <span class='ocrx_word' id='word_1_423' title='bbox 1722 4428 1803 4476; x_wconf 84' lang='lat' dir='ltr'><strong>tanta</strong></span> 
     </span>
     <span class='ocr_line' id='line_1_45' title="bbox 630 4491 1801 4561; baseline -0.001 -18"><span class='ocrx_word' id='word_1_424' title='bbox 630 4499 743 4557; x_wconf 83' lang='lat' dir='ltr'><strong>septum</strong></span> <span class='ocrx_word' id='word_1_425' title='bbox 776 4500 835 4556; x_wconf 82' lang='lat' dir='ltr'><strong>eat,</strong></span> <span class='ocrx_word' id='word_1_426' title='bbox 866 4499 897 4544; x_wconf 84' lang='lat' dir='ltr'><strong>nt</strong></span> <span class='ocrx_word' id='word_1_427' title='bbox 927 4496 1072 4561; x_wconf 83' lang='lat' dir='ltr'><strong>aoaeiptum</strong></span> <span class='ocrx_word' id='word_1_428' title='bbox 1096 4494 1191 4548; x_wconf 79' lang='lat' dir='ltr'><strong>Festo.</strong></span> <span class='ocrx_word' id='word_1_429' title='bbox 1241 4495 1369 4557; x_wconf 84' lang='lat' dir='ltr'><strong>videtur,</strong></span> <span class='ocrx_word' id='word_1_430' title='bbox 1388 4502 1419 4545; x_wconf 88' lang='lat' dir='ltr'><strong>ut</strong></span> <span class='ocrx_word' id='word_1_431' title='bbox 1437 4495 1612 4547; x_wconf 83' lang='lat' dir='ltr'><strong>Macrobium</strong></span> <span class='ocrx_word' id='word_1_432' title='bbox 1632 4491 1801 4545; x_wconf 75' lang='lat' dir='ltr'><strong>erraticae-</strong></span> 
     </span>
     <span class='ocr_line' id='line_1_46' title="bbox 630 4558 1802 4627; baseline -0.001 -16"><span class='ocrx_word' id='word_1_433' title='bbox 630 4561 825 4625; x_wconf 77' lang='lat' dir='ltr'><strong>Gelaoseptam</strong></span> <span class='ocrx_word' id='word_1_434' title='bbox 838 4558 1077 4613; x_wconf 87' lang='lat' dir='ltr'><strong>meminidictum.</strong></span> <span class='ocrx_word' id='word_1_435' title='bbox 1102 4563 1193 4615; x_wconf 86' lang='lat' dir='ltr'><strong>Grae·</strong></span> <span class='ocrx_word' id='word_1_436' title='bbox 1242 4580 1382 4614; x_wconf 77' lang='lat' dir='ltr'><strong>eusemua.</strong></span> <span class='ocrx_word' id='word_1_437' title='bbox 1416 4562 1485 4616; x_wconf 84' lang='lat' dir='ltr'><strong>Nam</strong></span> <span class='ocrx_word' id='word_1_438' title='bbox 1504 4563 1538 4613; x_wconf 87' lang='lat' dir='ltr'><strong>de</strong></span> <span class='ocrx_word' id='word_1_439' title='bbox 1555 4559 1802 4627; x_wconf 83' lang='lat' dir='ltr'><strong>aliiaqnoquein·</strong></span> 
     </span>
     <span class='ocr_line' id='line_1_47' title="bbox 630 4621 1802 4693; baseline 0 -14"><span class='ocrx_word' id='word_1_440' title='bbox 630 4627 672 4680; x_wconf 81' lang='lat' dir='ltr'><strong>cis</strong></span> <span class='ocrx_word' id='word_1_441' title='bbox 691 4621 854 4693; x_wconf 74' lang='grc' dir='ltr'><em>διάφραγμα</em></span> <span class='ocrx_word' id='word_1_442' title='bbox 872 4633 948 4679; x_wconf 86' lang='lat' dir='ltr'><strong>est.“</strong></span> <span class='ocrx_word' id='word_1_443' title='bbox 966 4630 1053 4686; x_wconf 79' lang='lat' dir='ltr'><strong>Peren.</strong></span> <span class='ocrx_word' id='word_1_444' title='bbox 1242 4629 1354 4682; x_wconf 80' lang='lat' dir='ltr'><strong>testinis</strong></span> <span class='ocrx_word' id='word_1_445' title='bbox 1375 4630 1467 4682; x_wconf 90' lang='lat' dir='ltr'><strong>hiram</strong></span> <span class='ocrx_word' id='word_1_446' title='bbox 1490 4630 1546 4681; x_wconf 89' lang='lat' dir='ltr'><strong>dici</strong></span> <span class='ocrx_word' id='word_1_447' title='bbox 1568 4647 1622 4682; x_wconf 92' lang='lat' dir='ltr'><strong>nan</strong></span> <span class='ocrx_word' id='word_1_448' title='bbox 1644 4630 1727 4681; x_wconf 88' lang='lat' dir='ltr'><strong>modo</strong></span> <span class='ocrx_word' id='word_1_449' title='bbox 1743 4627 1802 4680; x_wconf 90' lang='lat' dir='ltr'><strong>No·</strong></span> 
     </span>
    </p>

    <p class='ocr_par' dir='ltr' id='par_1_9' title="bbox 628 4690 1803 5104">
     <span class='ocr_line' id='line_1_48' title="bbox 663 4690 1801 4762; baseline 0 -17"><span class='ocrx_word' id='word_1_450' title='bbox 663 4690 830 4762; x_wconf 78' lang='grc' dir='ltr'><strong>μεσέντερον]</strong></span> <span class='ocrx_word' id='word_1_451' title='bbox 856 4695 946 4759; x_wconf 86' lang='lat' dir='ltr'><strong>„Cum</strong></span> <span class='ocrx_word' id='word_1_452' title='bbox 965 4697 1192 4762; x_wconf 65' lang='lat' dir='ltr'><strong>distinguatnru</strong></span> <span class='ocrx_word' id='word_1_453' title='bbox 1242 4698 1307 4749; x_wconf 75' lang='lat' dir='ltr'><strong>niue</strong></span> <span class='ocrx_word' id='word_1_454' title='bbox 1333 4698 1427 4760; x_wconf 83' lang='lat' dir='ltr'><strong>docet,</strong></span> <span class='ocrx_word' id='word_1_455' title='bbox 1464 4698 1513 4749; x_wconf 81' lang='lat' dir='ltr'><strong>scd</strong></span> <span class='ocrx_word' id='word_1_456' title='bbox 1541 4704 1569 4749; x_wconf 90' lang='lat' dir='ltr'><strong>et</strong></span> <span class='ocrx_word' id='word_1_457' title='bbox 1596 4699 1676 4748; x_wconf 81' lang='lat' dir='ltr'><strong>locus</strong></span> <span class='ocrx_word' id='word_1_458' title='bbox 1703 4694 1801 4749; x_wconf 83' lang='lat' dir='ltr'><strong>Plauti</strong></span> 
     </span>
     <span class='ocr_line' id='line_1_49' title="bbox 630 4762 1799 4833; baseline 0.001 -19"><span class='ocrx_word' id='word_1_459' title='bbox 630 4762 848 4827; x_wconf 78' lang='lat' dir='ltr'><strong>diaphragmate</strong></span> <span class='ocrx_word' id='word_1_460' title='bbox 867 4764 920 4814; x_wconf 89' lang='lat' dir='ltr'><strong>hoc</strong></span> <span class='ocrx_word' id='word_1_461' title='bbox 936 4765 999 4815; x_wconf 89' lang='lat' dir='ltr'><strong>loeo</strong></span> <span class='ocrx_word' id='word_1_462' title='bbox 1016 4772 1043 4815; x_wconf 86' lang='lat' dir='ltr'><strong>ct</strong></span> <span class='ocrx_word' id='word_1_463' title='bbox 1058 4764 1191 4817; x_wconf 81' lang='lat' dir='ltr'><strong>intestino</strong></span> <span class='ocrx_word' id='word_1_464' title='bbox 1242 4765 1325 4817; x_wconf 77' lang='lat' dir='ltr'><strong>Carra.</strong></span> <span class='ocrx_word' id='word_1_465' title='bbox 1344 4765 1380 4827; x_wconf 87' lang='lat' dir='ltr'><strong>ll,</strong></span> <span class='ocrx_word' id='word_1_466' title='bbox 1397 4770 1421 4829; x_wconf 90' lang='lat' dir='ltr'><strong>l,</strong></span> <span class='ocrx_word' id='word_1_467' title='bbox 1439 4769 1482 4817; x_wconf 72' lang='lat'><strong>23.</strong></span> <span class='ocrx_word' id='word_1_468' title='bbox 1500 4766 1676 4833; x_wconf 76' lang='lat' dir='ltr'><strong>comprobat:</strong></span> <span class='ocrx_word' id='word_1_469' title='bbox 1756 4763 1799 4815; x_wconf 81' lang='lat' dir='ltr'><strong>tt-</strong></span> 
     </span>
     <span class='ocr_line' id='line_1_50' title="bbox 630 4829 1800 4899; baseline 0.001 -19"><span class='ocrx_word' id='word_1_470' title='bbox 630 4838 724 4891; x_wconf 87' lang='lat' dir='ltr'><strong>recto‚</strong></span> <span class='ocrx_word' id='word_1_471' title='bbox 749 4829 819 4880; x_wconf 83' lang='lat' dir='ltr'><strong>harrt</strong></span> <span class='ocrx_word' id='word_1_472' title='bbox 837 4830 921 4881; x_wconf 89' lang='lat' dir='ltr'><strong>dubie</strong></span> <span class='ocrx_word' id='word_1_473' title='bbox 940 4831 1141 4899; x_wconf 78' lang='lat' dir='ltr'><strong>intelliguntur</strong></span> <span class='ocrx_word' id='word_1_474' title='bbox 1159 4849 1193 4885; x_wconf 87' lang='lat' dir='ltr'><strong>ea</strong></span> <span class='ocrx_word' id='word_1_475' title='bbox 1242 4850 1290 4884; x_wconf 85' lang='lat' dir='ltr'><strong>rae</strong></span> <span class='ocrx_word' id='word_1_476' title='bbox 1318 4851 1406 4885; x_wconf 78' lang='lat' dir='ltr'><strong>amaea</strong></span> <span class='ocrx_word' id='word_1_477' title='bbox 1435 4834 1534 4885; x_wconf 87' lang='lat' dir='ltr'><strong>doleat.</strong></span> <span class='ocrx_word' id='word_1_478' title='bbox 1585 4834 1676 4884; x_wconf 78' lang='lat' dir='ltr'><strong>Verbo</strong></span> <span class='ocrx_word' id='word_1_479' title='bbox 1704 4836 1800 4883; x_wconf 85' lang='lat' dir='ltr'><strong>autern</strong></span> 
     </span>
     <span class='ocr_line' id='line_1_51' title="bbox 628 4897 1801 4969; baseline -0.001 -19"><span class='ocrx_word' id='word_1_480' title='bbox 628 4897 774 4959; x_wconf 80' lang='lat' dir='ltr'><strong>intestina,</strong></span> <span class='ocrx_word' id='word_1_481' title='bbox 793 4898 961 4962; x_wconf 79' lang='lat' dir='ltr'><strong>quaecelso</strong></span> <span class='ocrx_word' id='word_1_482' title='bbox 977 4901 1108 4951; x_wconf 86' lang='lat' dir='ltr'><strong>dicuntur</strong></span> <span class='ocrx_word' id='word_1_483' title='bbox 1125 4902 1193 4953; x_wconf 79' lang='lat' dir='ltr'><strong>ieie·</strong></span> <span class='ocrx_word' id='word_1_484' title='bbox 1241 4903 1422 4969; x_wconf 80' lang='lat' dir='ltr'><strong>praecipuum·</strong></span> <span class='ocrx_word' id='word_1_485' title='bbox 1444 4908 1540 4952; x_wconf 79' lang='lat' dir='ltr'><strong>noster</strong></span> <span class='ocrx_word' id='word_1_486' title='bbox 1564 4901 1677 4953; x_wconf 86' lang='lat' dir='ltr'><strong>videtur</strong></span> <span class='ocrx_word' id='word_1_487' title='bbox 1704 4915 1801 4965; x_wconf 80' lang='lat' dir='ltr'><strong>respe-</strong></span> 
     </span>
     <span class='ocr_line' id='line_1_52' title="bbox 629 4964 1803 5037; baseline 0 -20"><span class='ocrx_word' id='word_1_488' title='bbox 629 4984 703 5029; x_wconf 83' lang='lat' dir='ltr'><strong>aam,</strong></span> <span class='ocrx_word' id='word_1_489' title='bbox 721 4966 836 5025; x_wconf 81' lang='lat' dir='ltr'><strong>tenuius,</strong></span> <span class='ocrx_word' id='word_1_490' title='bbox 855 4968 971 5019; x_wconf 81' lang='lat' dir='ltr'><strong>crassius</strong></span> <span class='ocrx_word' id='word_1_491' title='bbox 987 4974 1015 5019; x_wconf 87' lang='lat' dir='ltr'><strong>ct</strong></span> <span class='ocrx_word' id='word_1_492' title='bbox 1031 4984 1133 5019; x_wconf 82' lang='lat' dir='ltr'><strong>coecum</strong></span> <span class='ocrx_word' id='word_1_493' title='bbox 1150 4969 1193 5020; x_wconf 84' lang='lat' dir='ltr'><strong>ia·</strong></span> <span class='ocrx_word' id='word_1_494' title='bbox 1243 4968 1320 5019; x_wconf 78' lang='lat' dir='ltr'><strong>aisse</strong></span> <span class='ocrx_word' id='word_1_495' title='bbox 1338 4969 1477 5037; x_wconf 71' lang='lat' dir='ltr'><strong>originem</strong></span> <span class='ocrx_word' id='word_1_496' title='bbox 1494 4970 1616 5021; x_wconf 80' lang='lat' dir='ltr'><strong>nominis</strong></span> <span class='ocrx_word' id='word_1_497' title='bbox 1632 4964 1730 5035; x_wconf 77' lang='grc' dir='ltr'><em>ἆρχοῦ,</em></span> <span class='ocrx_word' id='word_1_498' title='bbox 1747 4982 1803 5032; x_wconf 89' lang='lat' dir='ltr'><strong>quo</strong></span> 
     </span>
     <span class='ocr_line' id='line_1_53' title="bbox 630 5032 1803 5104; baseline -0.002 -18"><span class='ocrx_word' id='word_1_499' title='bbox 630 5034 785 5086; x_wconf 81' lang='lat' dir='ltr'><strong>teatinum.“</strong></span> <span class='ocrx_word' id='word_1_500' title='bbox 809 5032 896 5084; x_wconf 82' lang='lat' dir='ltr'><strong>Znon.</strong></span> <span class='ocrx_word' id='word_1_501' title='bbox 1243 5035 1409 5087; x_wconf 80' lang='lat' dir='ltr'><strong>intestinum</strong></span> <span class='ocrx_word' id='word_1_502' title='bbox 1432 5043 1539 5088; x_wconf 87' lang='lat' dir='ltr'><strong>rectum</strong></span> <span class='ocrx_word' id='word_1_503' title='bbox 1560 5036 1729 5104; x_wconf 78' lang='lat' dir='ltr'><strong>Hippocrati</strong></span> <span class='ocrx_word' id='word_1_504' title='bbox 1752 5050 1803 5100; x_wconf 88' lang='lat' dir='ltr'><strong>up-</strong></span> 
     </span>
    </p>

    <p class='ocr_par' dir='ltr' id='par_1_10' title="bbox 630 5101 1820 5376">
     <span class='ocr_line' id='line_1_54' title="bbox 667 5101 1803 5170; baseline 0.001 -20"><span class='ocrx_word' id='word_1_505' title='bbox 667 5101 737 5167; x_wconf 85' lang='lat' dir='ltr'><strong>qaod</strong></span> <span class='ocrx_word' id='word_1_506' title='bbox 755 5107 855 5151; x_wconf 80' lang='lat' dir='ltr'><strong>veteres</strong></span> <span class='ocrx_word' id='word_1_507' title='bbox 868 5101 954 5151; x_wconf 84' lang='lat' dir='ltr'><strong>hirom</strong></span> <span class='ocrx_word' id='word_1_508' title='bbox 970 5110 1098 5156; x_wconf 80' lang='lat' dir='ltr'><strong>vocarunt</strong></span> <span class='ocrx_word' id='word_1_509' title='bbox 1114 5104 1195 5155; x_wconf 84' lang='lat' dir='ltr'><strong>hahe-</strong></span> <span class='ocrx_word' id='word_1_510' title='bbox 1244 5103 1348 5170; x_wconf 75' lang='lat' dir='ltr'><strong>pellaei</strong></span> <span class='ocrx_word' id='word_1_511' title='bbox 1366 5110 1485 5167; x_wconf 78' lang='lat' dir='ltr'><strong>constet,</strong></span> <span class='ocrx_word' id='word_1_512' title='bbox 1501 5103 1546 5155; x_wconf 81' lang='lat' dir='ltr'><strong>rel</strong></span> <span class='ocrx_word' id='word_1_513' title='bbox 1565 5106 1600 5156; x_wconf 85' lang='lat' dir='ltr'><strong>ab</strong></span> <span class='ocrx_word' id='word_1_514' title='bbox 1616 5120 1707 5165; x_wconf 82' lang='lat' dir='ltr'><strong>usura,</strong></span> <span class='ocrx_word' id='word_1_515' title='bbox 1720 5117 1803 5168; x_wconf 84' lang='lat' dir='ltr'><strong>quem</strong></span> 
     </span>
     <span class='ocr_line' id='line_1_55' title="bbox 631 5168 1804 5237; baseline -0.001 -18"><span class='ocrx_word' id='word_1_516' title='bbox 631 5175 724 5235; x_wconf 79' lang='lat' dir='ltr'><strong>terque</strong></span> <span class='ocrx_word' id='word_1_517' title='bbox 733 5168 906 5234; x_wconf 80' lang='lat' dir='ltr'><strong>praeeipuam</strong></span> <span class='ocrx_word' id='word_1_518' title='bbox 916 5171 1108 5236; x_wconf 72' lang='lat' dir='ltr'><strong>intestinorum]</strong></span> <span class='ocrx_word' id='word_1_519' title='bbox 1123 5171 1195 5233; x_wconf 76' lang='lat' dir='ltr'><strong>„Ht-</strong></span> <span class='ocrx_word' id='word_1_520' title='bbox 1245 5178 1379 5237; x_wconf 80' lang='lat' dir='ltr'><strong>praeatat‚</strong></span> <span class='ocrx_word' id='word_1_521' title='bbox 1398 5173 1454 5236; x_wconf 84' lang='lat' dir='ltr'><strong>vel,</strong></span> <span class='ocrx_word' id='word_1_522' title='bbox 1471 5172 1543 5237; x_wconf 91' lang='lat' dir='ltr'><strong>quod</strong></span> <span class='ocrx_word' id='word_1_523' title='bbox 1562 5169 1739 5237; x_wconf 79' lang='lat' dir='ltr'><strong>probabilius</strong></span> <span class='ocrx_word' id='word_1_524' title='bbox 1755 5184 1804 5218; x_wconf 80' lang='lat' dir='ltr'><strong>ex·</strong></span> 
     </span>
     <span class='ocr_line' id='line_1_56' title="bbox 630 5233 1804 5301; baseline 0 -16"><span class='ocrx_word' id='word_1_525' title='bbox 630 5251 689 5285; x_wconf 84' lang='lat' dir='ltr'><strong>ram</strong></span> <span class='ocrx_word' id='word_1_526' title='bbox 713 5233 879 5286; x_wconf 83' lang='lat' dir='ltr'><strong>intestinum</strong></span> <span class='ocrx_word' id='word_1_527' title='bbox 898 5242 1007 5287; x_wconf 84' lang='lat' dir='ltr'><strong>reatum</strong></span> <span class='ocrx_word' id='word_1_528' title='bbox 1025 5239 1061 5289; x_wconf 87' lang='lat' dir='ltr'><strong>ab</strong></span> <span class='ocrx_word' id='word_1_529' title='bbox 1080 5244 1195 5290; x_wconf 78' lang='lat' dir='ltr'><strong>auctora</strong></span> <span class='ocrx_word' id='word_1_530' title='bbox 1243 5238 1424 5291; x_wconf 76' lang='lat' dir='ltr'><strong>intimandum</strong></span> <span class='ocrx_word' id='word_1_531' title='bbox 1452 5243 1509 5301; x_wconf 83' lang='lat' dir='ltr'><strong>est,</strong></span> <span class='ocrx_word' id='word_1_532' title='bbox 1540 5239 1576 5289; x_wconf 89' lang='lat' dir='ltr'><strong>ob</strong></span> <span class='ocrx_word' id='word_1_533' title='bbox 1598 5238 1692 5289; x_wconf 73' lang='lat' dir='ltr'><strong>sitnm.</strong></span> <span class='ocrx_word' id='word_1_534' title='bbox 1731 5235 1804 5287; x_wconf 85' lang='lat' dir='ltr'><strong>Nem</strong></span> 
     </span>
     <span class='ocr_line' id='line_1_57' title="bbox 630 5301 1820 5376; baseline -0.005 -22"><span class='ocrx_word' id='word_1_535' title='bbox 630 5301 767 5370; x_wconf 78' lang='lat' dir='ltr'><strong>intelligi,</strong></span> <span class='ocrx_word' id='word_1_536' title='bbox 786 5301 859 5367; x_wconf 87' lang='lat' dir='ltr'><strong>quod</strong></span> <span class='ocrx_word' id='word_1_537' title='bbox 876 5308 1054 5358; x_wconf 78' lang='lat' dir='ltr'><strong>excrementa</strong></span> <span class='ocrx_word' id='word_1_538' title='bbox 1070 5304 1127 5359; x_wconf 88' lang='lat' dir='ltr'><strong>eihl</strong></span> <span class='ocrx_word' id='word_1_539' title='bbox 1142 5305 1195 5358; x_wconf 86' lang='lat' dir='ltr'><strong>eii·</strong></span> <span class='ocrx_word' id='word_1_540' title='bbox 1243 5304 1480 5376; x_wconf 77' lang='lat' dir='ltr'><strong>quemadmodum</strong></span> <span class='ocrx_word' id='word_1_541' title='bbox 1495 5320 1515 5360; x_wconf 77' lang='grc' dir='ltr'><strong>ι</strong></span> <span class='ocrx_word' id='word_1_542' title='bbox 1527 5304 1617 5358; x_wconf 72' lang='lat' dir='ltr'><strong>Gelan</strong></span> <span class='ocrx_word' id='word_1_543' title='bbox 1634 5302 1820 5360; x_wconf 65' lang='lat' dir='ltr'><strong>stomachus,</strong></span> 
     </span>
    </p>
   </div>
   <div class='ocr_carea' id='block_1_7' title="bbox 0 0 2550 6422">
    <p class='ocr_par' dir='ltr' id='par_1_11' title="bbox 0 0 2550 6422">
     <span class='ocr_line' id='line_1_58' title="bbox 0 0 2550 6422; baseline 0 0"><span class='ocrx_word' id='word_1_544' title='bbox 0 0 2550 6422; x_wconf 95' lang='lat' dir='ltr'><strong> </strong></span> 
     </span>
    </p>
   </div>
  </div>
 </body>
</html>
