5092 6425
1151 846 1288 914 CAPUT
1311 849 1348 914 V.
1738 876 1857 919 uranu

664 1019 798 1083 mutilus,
827 1024 857 1071 et
879 1017 1062 1095 inscriptione
1085 1022 1114 1069 et
1135 1018 1343 1090 subscriptione
1372 1022 1457 1070 earet.
1495 1019 1524 1070 ln
1545 1019 1635 1085 primo
1656 1021 1729 1081 libre
1752 1024 1817 1077 inde
1837 1041 1854 1076 a

665 1125 726 1172 cap.
746 1110 787 1157 18.
805 1111 837 1156 ut
855 1103 882 1155 in
900 1104 960 1154 eod.
980 1103 1011 1153 Α.
1030 1104 1164 1170 leguntur
1183 1105 1342 1172 complures
1362 1103 1559 1170 inscriptiones
1575 1103 1677 1170 quibus
1696 1108 1854 1163 indicentur

664 1193 703 1244 dii
719 1193 753 1243 de
768 1191 871 1258 quihus
886 1188 996 1256 agitur:
1016 1195 1122 1255 etpost
1139 1207 1187 1242 eas
1205 1191 1297 1257 prima
1313 1208 1440 1258 quaeque
1457 1190 1542 1241 verba
1556 1191 1663 1256 scripta
1680 1203 1745 1246 sunt
1762 1195 1853 1247 literis

663 1278 834 1330 uncialibus.
870 1273 1018 1340 Scriptura
1037 1281 1080 1326 est
1097 1274 1176 1326 illius
1192 1275 1295 1328 aetatis
1314 1275 1479 1328 minuscula.
1515 1277 1570 1328 Pro
1590 1279 1610 1329 ii
1627 1278 1792 1344 plerumque
1810 1282 1853 1332 le·

664 1364 740 1432 gitur
759 1365 778 1427 i,
798 1361 881 1414 litera
899 1378 916 1426 p
934 1367 1035 1426 puncto
1050 1367 1177 1423 notatur3
1198 1379 1247 1427 pro
1265 1379 1283 1411 n
1300 1377 1384 1427 saepe
1401 1361 1536 1414 scribitur
1551 1362 1583 1414 N.
1619 1363 1800 1430 Compendiis
1816 1366 1852 1417 li·

665 1459 787 1501 terarum
804 1444 1069 1512 selentsignilicari
1088 1447 1189 1499 literae
1206 1465 1230 1498 m
1250 1453 1327 1511 eta,
1357 1449 1486 1514 syllabae
1505 1456 1679 1513 tertartrc,
1708 1452 1854 1516 praeposi-

666 1536 754 1588 tiones
771 1551 820 1602 per
839 1547 905 1598 prae
925 1547 989 1598 pro,
1020 1534 1110 1583 rarius
1132 1541 1204 1600 post,
1237 1539 1265 1584 et
1287 1551 1339 1584 aea
1361 1540 1398 1584 est
1421 1534 1515 1598 (mode
1539 1535 1654 1586 turrido
1671 1537 1717 1603 ξι)
1740 1544 1769 1587 et
1790 1554 1852 1591 esse.

665 1616 878 1688 Orthographia
895 1632 929 1666 ea
949 1616 1008 1666 iere
1028 1625 1071 1668 eat
1089 1635 1170 1684 quam
1190 1636 1243 1686 ego
1260 1618 1395 1683 expressi.
1432 1620 1542 1672 Graeca
1560 1621 1645 1672 verba
1663 1622 1769 1689 scripta
1788 1629 1854 1676 sunt

665 1704 757 1756 literis
776 1702 949 1754 uncialibus:
976 1703 1074 1754 cadem
1092 1719 1163 1770 quae
1182 1703 1210 1754 in
1230 1704 1290 1754 cod.
1311 1705 1334 1756 P
1355 1705 1450 1757 notavi
1470 1706 1498 1757 in
1520 1705 1557 1758 ils
1575 1704 1757 1759 inveniuntur
1775 1725 1853 1760 men·

665 1790 710 1840 da.
747 1788 859 1841 Contuli
878 1805 941 1839 cum
957 1789 1000 1839 ed.
1016 1789 1130 1856 Bipont.

628 1876 660 1939 5)
685 1874 861 1926 Gudianus
887 1875 935 1941 (G)
958 1878 1034 1937 eta,
1060 1875 1087 1926 in
1113 1875 1211 1926 Eberti
1237 1877 1370 1942 catalogo
1398 1874 1589 1928 bibliothecae
1611 1877 1852 1948 Guelferbytanae

664 1958 738 2027 560„
765 1963 917 2014 membran.
942 1978 997 2012 see.
1017 1961 1094 2012 lllll.
1113 1961 1246 2012 loliorum
1264 1961 1413 2013 Lxxvnt.
1432 1962 1707 2026 lorruacqusdratse
1725 1964 1853 2020 mitteris.

665 2046 695 2098 ln
716 2047 838 2114 siugulis
861 2045 972 2114 paginis
992 2054 1057 2099 sunt
1076 2047 1167 2098 lineae
1183 2048 1264 2098 msrdo
1284 2048 1395 2112 ΠΝ,
1424 2046 1506 2099 modo
1524 2046 1621 2112 XXV„
1643 2051 1725 2101 medo
1744 2052 1852 2119 ΗΠ,

665 2137 713 2184 sut
726 2134 805 2184 nollo
821 2141 870 2184 aut
888 2138 965 2184 certe
983 2132 1171 2199 pallidissirno
1190 2132 1285 2183 colore
1300 2134 1415 2198 ductae,
1431 2149 1547 2198 quarum
1565 2132 1648 2185 binae
1671 2152 1775 2203 eaeque
1794 2138 1853 2204 pri-

666 2234 726 2269 mae
740 2224 897 2272 excurrunt
914 2217 941 2268 in
965 2219 1119 2286 marginem
1142 2217 1217 2269 binis
1238 2216 1323 2269 lineis
1343 2219 1495 2284 signatum.
1532 2218 1714 2271 Membranaa
1734 2239 1785 2272 nee
1804 2239 1852 2274 co-

664 2303 722 2354 lore
741 2321 793 2354 uec
812 2304 949 2357 densitate
971 2304 1121 2371 aequales,
1149 2309 1177 2354 et
1196 2319 1212 2354 a
1235 2303 1428 2370 compluribus
1447 2302 1574 2354 librariis
1594 2320 1648 2355 non
1667 2306 1764 2356 eodem
1783 2313 1854 2358 tern-

665 2407 732 2456 pore
750 2391 837 2441 codex
856 2391 968 2441 videtur
985 2396 1126 2441 exaratus.
1162 2386 1303 2450 Continet,
1321 2394 1351 2439 ut
1368 2388 1430 2438 cod.
1442 2388 1669 2455 Bambergeusis‚
1688 2396 1746 2442 tres
1764 2392 1853 2445 libros

664 2474 783 2542 priores,
802 2477 850 2528 sed
871 2475 985 2529 tertium
1005 2477 1155 2540 integrum.
1193 2473 1277 2524 Vetus
1297 2489 1396 2524 msnus
1413 2475 1557 2525 involucro
1574 2473 1733 2540 inscripsitr
1758 2477 1853 2541 „Tres

665 2561 731 2612 libri
747 2561 939 2614 Saturnalium
958 2558 1096 2612 Macrobii
1115 2557 1247 2609 ambrosii
1267 2558 1408 2610 theodosii
1433 2559 1489 2610 rari
1509 2566 1536 2611 et
1554 2559 1619 2610 boni
1642 2558 1671 2610 in
1697 2560 1752 2612 isto
1772 2564 1853 2614 volu·

666 2645 739 2697 mine
758 2647 968 2709 eontinentur“‚
997 2646 1046 2696 sed
1065 2644 1093 2695 in
1115 2643 1185 2695 iulio
1203 2642 1293 2710 primo
1309 2661 1396 2696 saeuo
1416 2643 1560 2710 legitera
1579 2660 1663 2696 manu
1681 2647 1852 2701 recentiorer

664 2731 823 2794 „Macrobii
850 2730 1044 2783 Saturnalium
1073 2727 1140 2779 libri
1166 2734 1294 2795 quatuor.
1335 2728 1428 2781 Ceteri
1450 2729 1595 2789 desant.“‚
1626 2746 1709 2796 quam
1732 2731 1768 2784 ob
1793 2750 1851 2784 rem

663 2817 784 2868 libertus
802 2816 918 2884 scripsit
935 2815 1029 2867 inesse
1044 2815 1176 2881 quattuor
1191 2815 1279 2866 libros
1299 2814 1416 2880 priores.
1447 2813 1650 2881 inscriptiones
1667 2815 1695 2866 in
1714 2817 1853 2885 principio

662 2902 730 2954 libri
757 2903 779 2954 Ι.
809 2909 837 2954 et
860 2902 888 2953 in
913 2901 967 2952 line
988 2900 1055 2952 libri
1073 2900 1109 2950 tl.
1133 2901 1247 2951 eaedem
1266 2905 1332 2950 sunt
1349 2904 1433 2966 atquc
1453 2899 1482 2951 in
1504 2901 1564 2951 cod.
1582 2900 1631 2964 B.‚
1657 2901 1713 2953 nisi
1730 2905 1804 2970 quod
1822 2904 1852 2956 in

663 2989 751 3039 hocce
784 2989 913 3041 additur:
948 2987 1042 3054 incipit
1075 2985 1212 3036 secandas.
1264 2984 1298 3034 Ia
1332 2984 1388 3036 fine
1419 2985 1487 3036 libri
1518 2984 1568 3036 lll.
1603 2987 1711 3054 legitur
1744 2994 1852 3042 tantum

663 3073 846 3126 hxrttclr.
881 3074 912 3125 ln
933 3071 1072 3139 principio
1092 3069 1157 3121 libri
1177 3070 1199 3119 l.
1225 3085 1243 3120 a
1265 3069 1383 3120 librario
1406 3070 1512 3122 onrissa
1534 3078 1600 3124 sunt
1623 3073 1721 3124 verber
1750 3075 1853 3128 Multos

661 3161 873 3228 corioquam,
896 3159 924 3209 iu
945 3159 975 3208 B.
996 3156 1089 3208 literis
1109 3154 1268 3206 uncialibus
1286 3155 1406 3222 scripta:
1430 3173 1500 3222 quae
1520 3157 1548 3208 in
1566 3158 1693 3227 margine
1710 3159 1852 3227 adscripta

662 3251 726 3295 aaut
742 3261 758 3296 a
775 3261 856 3296 suana
876 3243 1039 3296 recentiore.
1058 3245 1088 3295 ln
1104 3240 1288 3309 praelationis
1302 3240 1357 3292 fine
1372 3241 1479 3308 legiter
1491 3243 1638 3312 inscriptio
1648 3243 1851 3298 PROLOGVS.

662 3327 771 3395 Capitis
790 3331 906 3382 secundi
927 3330 1017 3397 prima
1036 3329 1119 3380 litera
1137 3328 1220 3378 rubro
1235 3327 1329 3377 colore
1348 3326 1424 3391 picta
1442 3334 1493 3379 est.
1526 3328 1595 3379 Inde
1613 3344 1630 3379 a
1649 3344 1709 3394 cap.
1728 3332 1769 3381 la.
1788 3346 1853 3382 eae·

665 3414 727 3465 dem
746 3415 806 3466 lere
821 3422 904 3482 atque
923 3415 950 3466 in
971 3415 1031 3465 eod.
1049 3413 1082 3464 Β,
1100 3414 1231 3480 leguntur
1249 3411 1456 3478 inscriptiones.
1491 3411 1577 3463 Liber
1595 3412 1734 3463 secundus
1753 3412 1853 3482 incipit

665 3498 694 3549 in
719 3500 818 3551 eodem
839 3518 923 3553 versu
946 3517 1001 3566 quo
1030 3498 1128 3549 linitur
1159 3497 1276 3564 primus.
1326 3497 1408 3547 llune
1435 3496 1559 3548 codicem
1587 3514 1621 3549 ex
1650 3498 1747 3549 eodem
1776 3500 1852 3552 toute

663 3601 697 3637 ae
720 3585 846 3637 codicem
863 3587 903 3637 B.
929 3585 1046 3636 fluxisse
1068 3588 1194 3649 apparet.
1231 3582 1286 3633 Sed
1309 3582 1371 3634 eius
1392 3583 1600 3649 orthographia
1624 3590 1667 3635 est
1684 3586 1852 3652 correptior,

663 3678 694 3722 ut
709 3672 796 3723 habet
817 3689 929 3738 seraper
952 3671 1031 3722 miehi
1053 3670 1148 3731 nichil,
1172 3675 1200 3719 et
1224 3668 1364 3719 interdum
1387 3669 1538 3736 sollempnis
1559 3678 1711 3739 trageeeret
1734 3670 1850 3724 similia.

661 3756 834 3824 Corupeudiu
853 3757 1010 3824 scripturae
1027 3757 1117 3807 multo
1133 3762 1198 3806 suut
1221 3741 1427 3819 frequentiora,
1451 3755 1496 3805 vel
1518 3755 1552 3806 ed
1572 3762 1646 3806 totas
1664 3772 1747 3807 voees
1765 3760 1853 3823 perti·

663 3845 775 3909 nentia,
792 3851 822 3895 et
842 3844 893 3897 tu’.
911 3859 961 3909 pro
981 3843 1133 3903 Kalendas,
1155 3840 1214 3892 du'r
1232 3856 1282 3906 pro
1298 3840 1438 3901 dicantar,
1460 3847 1516 3890 mse
1539 3858 1588 3906 pro
1607 3843 1735 3904 marimo,
1754 3845 1852 3895 detdic

663 3948 713 3997 pro
732 3931 899 3982 verecundia.
935 3928 1081 3993 Scriptura
1104 3928 1191 3978 multo
1218 3925 1310 3977 urinas
1333 3927 1462 3992 elegans:
1489 3926 1593 3988 semel,
1619 3926 1670 3977 iol.
1688 3927 1799 3994 XLIX„
1823 3930 1851 3979 iu

662 4018 749 4067 verbo
767 4020 914 4081 refermus
930 4014 978 4079 (ll,
998 4018 1020 4075 1,
1039 4013 1220 4077 15.)‚ultinus
1238 4012 1353 4078 syllaba
1376 4028 1434 4062 mas
1452 4016 1496 4060 est
1514 4010 1660 4074 distracta,
1675 4018 1706 4063 ut
1724 4016 1852 4079 explere-

662 4109 710 4154 tur
738 4103 839 4153 ultirnu
867 4099 929 4151 iulii
962 4100 1044 4150 linea.
1084 4099 1196 4151 Folium
1225 4113 1345 4163 sequens
1372 4097 1407 4146 ab
1437 4096 1495 4146 alia
1522 4111 1605 4145 manu
1634 4098 1769 4163 scriptum
1799 4104 1852 4152 est.

667 4189 778 4239 Graeca
794 4186 915 4238 maxima
933 4202 965 4236 ex
986 4190 1073 4251 parte,
1092 4185 1220 4251 longiora
1240 4182 1347 4241 osenia,
1376 4181 1481 4232 erniasa
1500 4186 1564 4231 sunt
1583 4180 1726 4246 adscripta
1744 4181 1771 4232 in
1790 4184 1852 4249 ipso

615 4292 622 4304 ¹
666 4290 751 4324 verse
770 4280 835 4323 nota
854 4280 883 4323 ut
902 4273 929 4321 ia
949 4272 994 4321 Gr.
1031 4271 1143 4322 Contuli
1161 4288 1222 4321 curn
1242 4269 1311 4320 edit.
1328 4266 1427 4318 Zeunii
1449 4268 1499 4330 ¹²).

581 4387 584 4394 ·
628 4361 658 4415 fii
676 4358 867 4409 Beruensis
886 4358 923 4422 (ll
944 4357 987 4405 uel
1008 4356 1065 4422 llt)
1084 4359 1143 4409 514.
1167 4357 1320 4407 membran.
1339 4371 1395 4404 sec.
1412 4352 1460 4403 lx.
1480 4353 1588 4403 iuraras
1608 4352 1770 4418 quadratae,
1786 4370 1852 4405 cen·

663 4443 756 4495 tineus
782 4444 909 4496 librum
934 4443 1121 4507 septimum
1146 4440 1432 4493 Saturnaliorum
1459 4438 1486 4487 in
1511 4455 1590 4488 usum
1615 4454 1707 4488 meum
1731 4439 1853 4491 collatus

663 4535 708 4580 cst
724 4518 921 4581 ab'dlherto
942 4527 1067 4579 lahnio
1086 4527 1116 4579 V.
1135 4527 1177 4577 ct.
1199 4526 1390 4578 bibliothecae
1410 4524 1553 4590 praelecto
1573 4515 1635 4573 curu
1654 4518 1722 4574 edit.
1740 4523 1852 4589 Bipeat.

628 4616 659 4681 t)
679 4615 877 4666 Beruensis
894 4614 964 4680 (Ηῖ)
984 4615 1058 4675 rot,
1084 4613 1152 4664 olins
1176 4612 1298 4663 Franc.
1319 4609 1499 4674 Danielis,
1527 4611 1682 4660 membran.
1708 4625 1764 4659 sec.
1789 4610 1850 4660 llll.

662 4699 788 4752 continet
806 4700 909 4751 librum
926 4700 954 4750 t.
973 4697 1037 4748 inde
1055 4714 1070 4747 a
1085 4697 1177 4764 eapite
1200 4701 1236 4748 13.
1254 4703 1283 4748 et
1301 4696 1389 4748 libros
1408 4694 1453 4745 Vl.
1468 4694 1528 4744 Vll.
1565 4694 1633 4745 Eius
1650 4693 1792 4759 scriptura
1810 4700 1854 4747 est

662 4786 739 4837 lectu
756 4785 943 4837 difficillima:
975 4800 1058 4850 quam
1079 4784 1188 4834 obrem
1208 4799 1272 4834 eura
1289 4780 1334 4833 sir
1353 4778 1532 4833 doctissimus
1552 4786 1659 4831 tautum
1677 4796 1695 4832 a
1714 4780 1853 4847 principio

701 4970 744 5028 ι9)
773 4968 926 5020 Praeterea
953 4968 982 5019 0.
1007 4968 1038 5019 P.
1060 4966 1092 5019 (l.
1116 4967 1424 5019 schoenemannus
1446 4966 1476 5017 V.
1504 4965 1548 5016 01.
1578 4961 1701 5031 inspexit
1729 4963 1853 5013 codicem

628 5034 825 5094 Gudianum
840 5040 915 5098 253,
943 5036 1017 5102 apud
1036 5036 1171 5087 Ehcrtum
1187 5039 1261 5099 551„
1286 5034 1560 5087 castrametata
1579 5032 1722 5095 arcuatis,
1746 5033 1854 5082 formae

626 5104 799 5223 pandentes,
830 5106 1003 5155 collectanea
1028 5110 1057 5155 et
1080 5111 1212 5171 excerpta
1234 5103 1314 5155 varia
1333 5104 1362 5154 in
1383 5103 1467 5155 ltalia
1481 5102 1641 5168 conscripta
1657 5100 1854 5159 coutinentem,

642 5172 711 5224 ollis
738 5170 1052 5224 octav-cctam.
1082 5173 1116 5223 e'x
1139 5171 1313 5224 Macrobii
1339 5170 1621 5223 Saturnaliorum
1649 5167 1756 5219 libris
1780 5165 1803 5217 1.
1826 5173 1854 5216 et
1963 5167 1965 5173 '

626 5240 682 5291 ta:
710 5241 760 5290 sed
784 5240 871 5291 lucile
897 5240 967 5291 mihi
991 5240 1133 5308 persuasit
1156 5238 1200 5290 vir
1218 5239 1400 5291 doctissimus
1417 5238 1489 5289 hacc
1508 5242 1638 5304 excerpta
1656 5234 1800 5286 levissime
1821 5247 1854 5283 ae

627 5315 738 5361 temere
756 5307 888 5361 instituta
906 5307 1080 5360 Macrobium
1100 5307 1283 5360 emendaturo
1299 5306 1372 5359 nihil
1390 5305 1503 5358 omniuo
1521 5304 1669 5372 prodesse.
