5092 6425
805 906 943 974 COMM.
964 906 1009 976 IN
1030 904 1158 974 SOMN.
1179 903 1278 972 scm.
1320 906 1396 971 HR.
1417 906 1457 970 IL
1500 905 1590 973 GAP.
1610 906 1650 973 11.
1752 909 1810 975 141
1883 1000 1886 1006 Ι

642 1081 713 1144 brice
734 1079 862 1228 sumpsit
881 1079 1004 1164 duplam
1017 1087 1138 1162 partem
1155 1077 1292 1164 prioris,
1329 1077 1445 1142 tertiam
1464 1097 1534 1142 aera
1556 1078 1703 1146 emmane
1713 1081 1813 1149 leemi-

644 1166 735 1230 oliam
755 1187 786 1228 se
820 1166 943 1250 primae
962 1163 1102 1248 triplam,
1135 1173 1162 1226 et
1180 1175 1320 1249 quartam
1340 1162 1464 1248 duplam
1483 1164 1644 1242 eramiae,
1676 1168 1813 1253 parietum

642 1252 746 1315 tertiae
767 1251 904 1335 triplam,
926 1259 1040 1313 sentam
1056 1248 1178 1335 primae
1199 1249 1360 1333 octuplam,
1381 1259 1408 1311 et
1425 1250 1579 1335 septimam
1597 1251 1689 1317 vicia
1707 1256 1813 1341 ecptt'ee
1851 1312 1855 1319 .

641 1360 661 1399 a
679 1337 785 1421 prima
806 1336 893 1399 malti
912 1336 1038 1399 licatam.
1082 1334 1153 1398 Post
1174 1334 1229 1398 boc
1255 1335 1354 1420 spatia
1376 1356 1452 1432 qaae
1477 1336 1555 1401 inter
1579 1336 1737 1424 duplaret
1756 1342 1811 1405 tri·

636 1422 705 1508 plac
726 1442 865 1485 numeros
884 1359 1008 1484 ii'abant
1028 1420 1147 1483 casalae
1165 1419 1306 1505 partibas
1327 1420 1510 1505 adimplebat,
1541 1432 1576 1486 at
1596 1424 1684 1489 binae
1703 1426 1810 1493 medie-

640 1518 712 1570 tates
730 1507 850 1591 crapula
870 1505 969 1591 spatia
989 1506 1176 1590 collipareat:
1216 1528 1255 1569 eac
1294 1506 1383 1569 uibm
1401 1506 1528 1570 uinculis
1548 1508 1683 1573 hemiolii
1703 1521 1731 1575 et
1786 1514 1811 1578 l·

640 1593 707 1656 trin'
723 1604 749 1654 et
770 1592 898 1677 epopdoi
919 1593 1124 1655 nascebamur.
1167 1591 1251 1654 Haec
1272 1527 1410 1654 liaconis
1436 1591 1529 1655 verba
1550 1592 1629 1659 itan
1652 1615 1760 1663 nonnu
1773 1598 1810 1664 lis
1822 1601 1860 1666 lo

639 1684 766 1761 excepta
786 1685 874 1751 suut,
912 1683 948 1739 ut
968 1677 1099 1761 primam
1121 1683 1238 1761 partem
1264 1675 1395 1740 monada
1415 1674 1591 1742 crederent:
1633 1681 1810 1761 secundam,

639 1783 732 1848 quam
760 1760 823 1825 dixi
851 1761 976 1858 duplam
1006 1761 1130 1846 prioris,
1169 1760 1290 1825 dualem
1318 1781 1481 1827 numerum
1510 1783 1577 1829 esse
1605 1765 1810 1834 confiderent:

638 1848 762 1911 tertiam
785 1854 956 1910 ternarium
979 1866 1153 1923 numerum,
1174 1847 1227 1932 qui
1247 1846 1286 1911 ad
1306 1845 1369 1912 duo
1390 1846 1555 1914 hemiolius
1576 1859 1632 1928 est,
1653 1850 1691 1915 ad
1711 1872 1810 1920 unum

639 1932 766 2016 triplus:
805 1939 837 1996 et
857 1939 997 2017 quartam
1021 1940 1182 2017 quattuor,
1210 1930 1263 2017 qui
1285 1931 1325 1996 ad
1346 1932 1530 2011 seeundum,
1556 1933 1587 1999 id
1610 1944 1657 2002 est
1678 1937 1716 2002 ad
1738 1938 1810 2020 duo,

640 2017 753 2102 duplus
773 2025 834 2081 est:
858 2017 997 2102 quintam
1021 2017 1238 2093 novenarium,
1261 2017 1314 2102 qui
1335 2017 1374 2082 ad
1395 2018 1536 2098 tertium,
1558 2018 1590 2085 id
1612 2029 1660 2086 eet
1681 2022 1720 2087 ad
1741 2025 1810 2105 tria,

638 2104 750 2188 triplus
771 2111 831 2168 est:
868 2109 985 2166 sextam
1009 2112 1113 2167 autem
1133 2102 1341 2179 octonarium,
1368 2101 1422 2189 qui
1445 2104 1578 2189 primum
1600 2107 1695 2172 octies
1716 2128 1861 2201 aon-[rur]

639 2189 732 2252 tinet:
774 2197 899 2253 atvero
920 2209 990 2273 pars
1011 2189 1141 2273 septima
1167 2188 1199 2251 in
1227 2187 1336 2272 viginti
1358 2194 1390 2252 ot
1411 2197 1528 2274 septem
1553 2188 1626 2267 luit,
1666 2214 1745 2278 quae
1767 2194 1811 2260 la-

640 2274 739 2350 niunt,
761 2281 797 2337 ut
819 2273 967 2349 diximus,
988 2282 1189 2359 augmentum
1211 2273 1339 2338 tertium
1363 2272 1479 2359 inparia
1499 2276 1631 2340 numeri.
1674 2278 1811 2362 Alternis

640 2359 733 2438 enim,
751 2366 788 2423 ut
807 2357 1050 2426 animadvertere
1072 2359 1159 2425 facile
1181 2366 1237 2438 est,
1256 2358 1405 2443 processit
1425 2358 1478 2425 illa
1497 2360 1668 2426 contextio:
1688 2371 1724 2430 ut
1740 2373 1812 2450 post

1435 2514 1520 2576 [ΕΜ.
1539 2513 1744 2585 vicahgapdub.

640 2596 785 2664 postulare
801 2598 954 2666 primam.“
979 2599 1065 2650 Zeun.
1088 2625 1122 2637 -
1145 2597 1248 2650 eedem
1266 2596 1419 2649 hemioliam
1437 2615 1457 2649 r
1471 2604 1502 2660 (a
1520 2598 1629 2660 eed'ae).
1654 2628 1689 2639 -
1708 2600 1812 2670 primae

640 2673 776 2717 octauam
799 2683 853 2717 e-u.
893 2668 936 2730 „E
960 2669 1055 2719 verbis
1074 2665 1203 2718 Platoni·
1222 2659 1275 2733 τὴν
1291 2660 1316 2716 d'
1334 2660 1413 2732 ἕκτην
1429 2665 1479 2733 τῆς
1495 2659 1606 2734 πραότης
1627 2660 1813 2721 ὀκταπλασίαν

639 2739 758 2799 apparet
773 2751 907 2786 novarum
927 2736 1081 2788 editionum
1100 2735 1230 2786 mendum
1248 2735 1303 2785 hoe
1321 2750 1383 2785 enee
1401 2740 1430 2784 et
1446 2736 1607 2787 mutandum
1625 2735 1653 2787 in
1670 2738 1813 2805 octuplum,

640 2801 773 2852 utentia
793 2809 856 2855 vett.
878 2804 948 2856 libb.
968 2804 1126 2856 omnibue.“
1148 2803 1233 2855 Gran.
1261 2828 1296 2839 -
1320 2802 1458 2869 reptimam
1477 2809 1537 2864 (om
1555 2809 1594 2864 et)
1612 2804 1663 2856 Ra.
1710 2813 1812 2873 reptu-

638 2871 721 2937 ptam
740 2888 764 2919 v.
788 2897 820 2909 -
841 2873 869 2923 ai
874 2874 940 2940 gice
956 2872 980 2923 Β
1000 2874 1054 2932 (Rl
1074 2888 1135 2937 eup.
1153 2876 1190 2931 e).
1213 2896 1246 2908 -
1270 2870 1454 2937 multiplicata
1471 2871 1504 2923 Β.
1524 2897 1557 2912 -
1577 2879 1638 2940 poet
1654 2872 1733 2924 laaec
1749 2889 1812 2941 ν-ς,

639 2938 732 3003 „quod
752 2938 813 2989 loeo
829 2940 969 3002 Plutonia,
996 2939 1044 2992 ubi
1062 2946 1106 2990 eet
1121 2933 1190 3004 μετὰ
1205 2937 1307 3003 ταῦτα,
1336 2938 1547 2991 convenientiae
1567 2941 1720 3006 putandum
1739 2944 1812 2992 eet.“

640 3006 725 3055 Zeun.
758 3007 971 3073 postboc(eup.
991 3008 1054 3057 add.
1074 3007 1167 3065 cumn.
1201 3006 1473 3072 poettom.laoe)ll.
1492 3007 1739 3060 -lriabantciu
1759 3024 1813 3062 rue.

639 3074 771 3123 habebant
793 3072 824 3123 Β.
842 3103 876 3110 -
898 3075 1103 3141 adimplebatur
1120 3071 1175 3123 Tu.
1191 3099 1226 3110 -
1247 3073 1415 3141 colligerent
1432 3072 1466 3124 F.
1618 3080 1659 3126 16.
1693 3077 1735 3127 itu
1749 3094 1812 3129 nan

639 3140 775 3190 nonnullis
796 3145 870 3205 (erip.
888 3157 942 3191 ace.
958 3147 989 3199 u)
1007 3142 1057 3192 Rl.
1093 3146 1167 3191 ante
1186 3139 1269 3190 nullis
1288 3146 1356 3199 (om.
1374 3141 1428 3199 ita)
1447 3157 1472 3190 v.
1487 3168 1522 3180 —
1536 3151 1654 3210 accepta
1670 3142 1764 3196 rnen.
1778 3174 1814 3183 -

641 3207 791 3265 monadem
813 3208 947 3261 crederent
970 3206 1134 3274 osuin-gt.
1185 3208 1319 3259 crederent
1339 3208 1488 3260 monadem
1511 3209 1562 3260 Re.
1589 3239 1623 3249 -
1649 3228 1729 3278 qaam
1750 3212 1814 3264 etti

641 3275 698 3324 diri
716 3291 741 3323 v.
764 3302 796 3311 -
825 3275 1088 3331 considerarentF.
1123 3275 1282 3342 conficiunt
1301 3279 1386 3335 (corr.
1410 3274 1438 3326 in
1455 3278 1627 3343 confiderent)
1646 3278 1696 3329 lte.
1718 3304 1752 3317 -
1776 3280 1813 3332 ael

641 3342 716 3392 duos
734 3341 800 3391 ben.
819 3342 849 3392 F.
866 3372 899 3381 -
923 3344 1020 3411 triplae
1038 3350 1087 3396 est
1104 3341 1154 3392 Rss.
1171 3368 1204 3380 -
1227 3350 1252 3394 et
1286 3349 1405 3395 uantum
1430 3341 1609 3395 Cle10.-
1631 3347 1701 3413 quia
1718 3362 1812 3397 emun-

641 3410 704 3461 dum
726 3415 800 3474 (einp.
818 3411 871 3527 (ῳιί
895 3412 945 3471 ad)
967 3411 1002 3462 G.
1029 3441 1063 3451 —
1091 3410 1220 3477 quintam
1242 3360 1392 3461 aluum
1414 3410 1452 3471 (0
1471 3426 1488 3463 u
1506 3427 1532 3476 p.
1548 3416 1609 3471 rm).
1658 3412 1696 3463 ad
1715 3414 1812 3480 tripla

642 3478 800 3542 (σημαία)
842 3487 1027 3531 .-ecn·tum
1044 3477 1450 3544 Mantinia-autemeam
1470 3479 1603 3530 naam.
1638 3480 1813 3532 σπη’.-

641 3553 670 3595 at
694 3562 754 3596 vero
776 3547 923 3612 septimam
947 3553 1014 3607 (orn.
1030 3552 1108 3615 pars)
1133 3545 1163 3597 F.
1187 3571 1220 3583 -
1242 3546 1344 3615 uiginti
1366 3555 1463 3613 reptem
1485 3552 1552 3608 (om.
1572 3551 1611 3607 et)
1635 3548 1687 3599 Ru.
1709 3575 1743 3587 -
1762 3550 1812 3614 fit

641 3630 709 3679 quiae
729 3630 755 3664 v.
793 3615 900 3680 poenit
918 3616 968 3681 qai
983 3614 1014 3666 F.
1033 3644 1069 3653 -
1091 3622 1121 3666 at
1138 3612 1262 3681 dirimat]
1286 3613 1359 3679 513.
1379 3642 1415 3653 -
1434 3624 1640 3683 argumentum
1659 3615 1741 3667 ricula
1761 3617 1813 3679 [clu

641 3682 669 3730 in
684 3698 750 3747 mg,
766 3687 796 3730 ut
815 3681 890 3731 Mod.
909 3699 952 3747 ep.
970 3687 1012 3742 91,
1032 3701 1057 3750 p.
1075 3685 1134 3734 411.
1153 3688 1350 3750 augmentum).
1384 3680 1519 3748 „Spectat
1537 3684 1628 3735 locum
1649 3683 1746 3752 [512]
1765 3702 1815 3738 rca-

639 3750 763 3799 ucnariue
778 3749 928 3816 triplicatae
945 3753 1050 3803 tertiam
1069 3750 1255 3801 dimensionem
1271 3756 1401 3818 praestat.
1435 3750 1527 3819 Igitur
1545 3756 1589 3803 eet
1609 3749 1813 3818 repudiandum

639 3825 825 3884 argumentum
845 3834 895 3883 pro
913 3828 1095 3886 augmentum,
1114 3818 1141 3869 h.
1160 3834 1184 3869 e.
1202 3817 1351 3883 dimennio,
1368 3834 1418 3869 eeu
1436 3835 1569 3871 numeru·
1587 3836 1621 3872 cx
1639 3819 1815 3888 murrinum·

642 3885 717 3935 tione
732 3884 881 3936 effeetuu.“
900 3886 985 3937 Zeuu.
1139 3889 1180 3940 ll.
1215 3886 1334 3940 Alternia
1349 3887 1416 3938 enim
1435 3887 1642 3954 Mea.clrgl)10;
1662 3888 1737 3940 unt.
1754 3887 1814 3942 Le·

639 3954 763 4003 alteriue
787 3961 896 4005 antem
925 3953 960 4005 vi.
1012 3953 1131 4006 alteriue
1151 3960 1259 4005 autem
1289 3971 1315 4007 a.
1364 3955 1474 4007 altemie
1496 3956 1640 4009 cultibue
1661 3957 1729 4008 enim
1754 3957 1812 4010 e-lr.

640 4016 704 4082 ,,Τό
724 4022 835 4071 saltibus
858 4021 885 4072 in
908 4021 985 4073 nullo
1003 4021 1156 4089 exemplari
1175 4020 1296 4073 inuenio.
1331 4021 1391 4074 Non
1408 4029 1500 4074 tumen
1518 4023 1658 4074 ausculto.
1693 4022 1814 4090 (31.1,8

642 4088 666 4152 [b
689 4088 743 4153 ab]
766 4089 812 4139 aed
834 4091 924 4140 eadem
950 4091 1092 4142 alternis
1113 4090 1257 4142 saltibus
1279 4092 1425 4143 curtabitur
1448 4091 1628 4157 aequalitae.“
1659 4089 1747 4142 Grau·
1777 4115 1811 4131 ·-

640 4235 712 4287 uliae
732 4254 797 4287 unua
818 4242 907 4303 eeeet,
934 4239 988 4290 hoc
1006 4239 1117 4304 quidem
1137 4239 1199 4290 loeo
1250 4236 1312 4292 dria
1341 4234 1411 4291 εἶναι
1436 4233 1624 4320 μεσότητας
1667 4234 1728 4307 τήν
1752 4238 1812 4306 μὲν

641 4321 723 4355 seusu
743 4305 948 4370 prohiberetur,
965 4325 999 4358 aa
1016 4323 1049 4358 ea
1064 4314 1200 4358 uteretur.
1249 4301 1364 4359 rairoi
1393 4301 1486 4373 μέρει
1515 4322 1582 4358 των
1609 4273 1724 4393 ἐκῳων
1754 4303 1811 4361 αὖ·

675 4380 734 4438 poet
751 4372 810 4438 boc]
830 4373 949 4440 Saepius
968 4374 1109 4426 invenitur
1126 4376 1198 4439 apud
1250 4374 1316 4425 τῶν
1329 4358 1562 4441 inculpandae
1578 4373 1636 4427 nal
1651 4390 1810 4443 carpeza-

641 4440 830 4502 Munrobium,
850 4458 902 4492 uon
923 4449 1052 4509 estergo
1071 4442 1202 4494 dubitan·
1249 4437 1369 4508 μένην,
1399 4434 1462 4525 ripa
1494 4435 1519 4492 δ’
1555 4439 1614 4512 ἴσῳ
1642 4438 1702 4509 μὲν
1733 4437 1809 4496 καθ’

641 4508 705 4558 dum
730 4508 795 4573 quin
821 4509 875 4559 hoa
899 4510 960 4560 loco
989 4510 1031 4561 eie
1053 4510 1201 4575 aeripuerit
1251 4502 1666 4578 ἄριθμὸνσπερέχοασαν,
1697 4507 1810 4580 {occdi

641 4592 691 4642 pro
709 4570 777 4639 μετὰ
796 4576 896 4643 ταῦτα,
914 4593 1007 4642 qurum,
1027 4576 1052 4628 ei
1071 4578 1202 4645 scriptia·
1249 4570 1509 4643 ὑπερεχομένην.
1544 4575 1811 4646 Ci.1³lut.damue.

641 4649 685 4693 eet
710 4650 770 4709 post
793 4644 882 4708 baec,
922 4663 974 4695 vox
1001 4646 1128 4711 proximo
1156 4664 1201 4699 ee·
1252 4661 1275 4695 c.
1286 4648 1330 4693 22.
1348 4647 1421 4711 τρεῖς
1435 4643 1486 4695 εἰσι
1493 4638 1812 4725 ῳεσόσητσςαὶιρῶται

640 4728 729 4776 queue
755 4714 844 4778 spatia
871 4713 1085 4781 ambiguitatem
1113 4730 1201 4780 quun·
1252 4705 1519 4795 ..ἅριθμητινη,
1536 4704 1681 4778 ἅρμοσαν
1709 4729 1810 4782 ,γεω-

641 4780 704 4830 dam
724 4788 913 4844 provocasset.
1250 4794 1477 4861 μετρουμεηη·
1510 4773 1616 4861 norim
1635 4773 1689 4900 alp
1711 4797 1728 4832 ν
1749 4779 1810 4851 ἴσῳ

674 4848 751 4897 binae
766 4848 929 4914 medietates]
947 4847 1150 4917 Nolicogitare
1166 4849 1201 4900 de
1251 4840 1387 4917 ἀριθμῷ
1424 4860 1578 4914 νπερεχει
1615 4864 1658 4899 κα
1711 4842 1810 4915 ninan-

641 4913 749 4965 dunbue
768 4915 826 4967 illie
846 4917 1057 4981 medietatibus,
1090 4933 1158 4983 quae
1180 4917 1201 4979 l,
1251 4907 1405 4980 §paranni
1422 4910 1452 4965 bt
1468 4912 1526 4982 ἴσῳ
1543 4910 1637 4983 λόγῳ,
1651 4909 1669 4982 ἦ
1684 4911 1714 4968 bt
1730 4910 1810 4967 oder.

640 4986 666 5044 6,
682 4984 724 5032 23.
743 4984 849 5048 primur
867 4985 989 5036 omnium
1006 4985 1201 5052 quaternarius
1251 4977 1334 5050 λόγῳ
1352 4976 1427 5033 οὔτε
1444 4975 1593 5063 ἆριῳμῷ,
1615 4991 1642 5035 et
1661 5001 1684 5035 c.
1701 4979 1810 5065 233ual

640 5057 739 5100 nectua
757 5068 820 5102 cuae
839 5052 957 5116 dieitur,
995 5054 1141 5121 atquibus
1161 5053 1199 5104 ile.
1250 5047 1301 5109 τὰς
1323 5045 1475 5115 μεσότητας
1498 5045 1555 5100 ared
1577 5049 1633 5101 τῶν
1653 5064 1810 5117 praereptura

640 5117 654 5181 ᾗ
681 5121 725 5167 28.
755 5119 855 5172 vinciri
889 5122 1020 5173 dieantur
1049 5122 1198 5173 elementa.
1249 5112 1334 5169 aurai
1349 5133 1382 5167 τε
1398 5111 1458 5183 τὴν
1475 5110 1809 5182 incipe-&polatine-

638 5184 765 5237 Plutonia
798 5189 898 5252 verbu,
932 5206 1002 5256 quae
1037 5189 1198 5242 Macrobius
1250 5180 1331 5250 οχὴν
1347 5182 1394 5236 καὶ
1410 5180 1493 5236 κατὰ
1510 5177 1809 5252 τὴνγεωμετρικὴν

639 5250 669 5300 h.
687 5252 777 5303 Lucu
796 5257 1095 5324 accurataexpreeeit,
1126 5258 1198 5309 linea
1250 5248 1403 5318 dirupta
1422 5248 1572 5318 συμβαίνει.
1641 5315 1648 5330 .

640 5324 718 5370 eunte
752 5314 821 5373 ὥστε
846 5318 875 5375 ἐν
903 5319 1007 5391 ἑκάστῳ
1035 5320 1198 5393 διαστήματι
1284 5323 1325 5372 lt.
1361 5318 1490 5383 Alternia]
1521 5333 1561 5369 aa.
1593 5316 1727 5377 videbun,
1754 5329 1818 5364 m
