<?xml version="1.0" encoding="UTF-8"?>
<!DOCTYPE html PUBLIC "-//W3C//DTD XHTML 1.0 Transitional//EN"
    "http://www.w3.org/TR/xhtml1/DTD/xhtml1-transitional.dtd">
<html xmlns="http://www.w3.org/1999/xhtml" xml:lang="en" lang="en">
 <head>
  <title>
</title>
<meta http-equiv="Content-Type" content="text/html;charset=utf-8" />
  <meta name='ocr-system' content='tesseract 3.04.00' />
  <meta name='ocr-capabilities' content='ocr_page ocr_carea ocr_par ocr_line ocrx_word'/>
</head>
<body>
  <div class='ocr_page' id='page_1' title='image "./operaquaesupers00macrgoog/operaquaesupers00macrgoog_0201.png"; bbox 0 0 5092 6425; ppageno 0'>
   <div class='ocr_carea' id='block_1_1' title="bbox 701 854 1393 932">
    <p class='ocr_par' dir='ltr' id='par_1_1' title="bbox 701 854 1393 932">
     <span class='ocr_line' id='line_1_1' title="bbox 701 854 1393 932; baseline -0.013 0"><span class='ocrx_word' id='word_1_1' title='bbox 701 865 744 932; x_wconf 76' lang='lat'><strong>64</strong></span> <span class='ocrx_word' id='word_1_2' title='bbox 1183 854 1393 924; x_wconf 77' lang='lat' dir='ltr'><strong>utacuoeu</strong></span> 
     </span>
    </p>
   </div>
   <div class='ocr_carea' id='block_1_2' title="bbox 651 1027 1979 1527">
    <p class='ocr_par' dir='ltr' id='par_1_2' title="bbox 651 1027 1979 1527">
     <span class='ocr_line' id='line_1_2' title="bbox 787 1027 1875 1128; baseline -0.004 -28"><span class='ocrx_word' id='word_1_3' title='bbox 787 1033 827 1100; x_wconf 79' lang='lat' dir='ltr'><strong>X.</strong></span> <span class='ocrx_word' id='word_1_4' title='bbox 869 1029 919 1097; x_wconf 81' lang='lat' dir='ltr'><strong>nd</strong></span> <span class='ocrx_word' id='word_1_5' title='bbox 938 1027 1097 1128; x_wconf 79' lang='lat' dir='ltr'><strong>sequentia</strong></span> <span class='ocrx_word' id='word_1_6' title='bbox 1118 1033 1324 1092; x_wconf 88' lang='lat' dir='ltr'><strong>transeamus:</strong></span> <span class='ocrx_word' id='word_1_7' title='bbox 1351 1027 1413 1093; x_wconf 82' lang='lat' dir='ltr'><strong>Hic</strong></span> <span class='ocrx_word' id='word_1_8' title='bbox 1431 1049 1493 1111; x_wconf 77' lang='lat' dir='ltr'><strong>ego,</strong></span> <span class='ocrx_word' id='word_1_9' title='bbox 1513 1027 1568 1093; x_wconf 73' lang='lat' dir='ltr'><strong>etri</strong></span> <span class='ocrx_word' id='word_1_10' title='bbox 1585 1047 1668 1094; x_wconf 62' lang='lat' dir='ltr'><strong>aare</strong></span> <span class='ocrx_word' id='word_1_11' title='bbox 1682 1032 1875 1116; x_wconf 71' lang='lat' dir='ltr'><strong>perterretur,</strong></span> 
     </span>
     <span class='ocr_line' id='line_1_3' title="bbox 701 1113 1979 1212; baseline -0.001 -29"><span class='ocrx_word' id='word_1_12' title='bbox 701 1130 881 1189; x_wconf 70' lang='lat' dir='ltr'><strong>nontamen</strong></span> <span class='ocrx_word' id='word_1_13' title='bbox 901 1127 1005 1180; x_wconf 79' lang='lat' dir='ltr'><strong>morter</strong></span> <span class='ocrx_word' id='word_1_14' title='bbox 1025 1124 1103 1177; x_wconf 81' lang='lat' dir='ltr'><strong>mete</strong></span> <span class='ocrx_word' id='word_1_15' title='bbox 1125 1134 1215 1199; x_wconf 79' lang='lat' dir='ltr'><strong>quom</strong></span> <span class='ocrx_word' id='word_1_16' title='bbox 1235 1113 1419 1177; x_wconf 77' lang='lat' dir='ltr'><strong>r‘rreide‘aram</strong></span> <span class='ocrx_word' id='word_1_17' title='bbox 1438 1135 1459 1176; x_wconf 89' lang='lat' dir='ltr'><strong>a</strong></span> <span class='ocrx_word' id='word_1_18' title='bbox 1478 1114 1566 1192; x_wconf 69' lang='lat' dir='ltr'><strong>nari,</strong></span> <span class='ocrx_word' id='word_1_19' title='bbox 1604 1116 1742 1212; x_wconf 65' lang='lat' dir='ltr'><strong>paneam</strong></span> <span class='ocrx_word' id='word_1_20' title='bbox 1767 1128 1876 1193; x_wconf 84' lang='lat' dir='ltr'><strong>tamen,</strong></span> <span class='ocrx_word' id='word_1_21' title='bbox 1977 1150 1979 1165; x_wconf 44' lang='grc' dir='ltr'><strong><em>ι</em></strong></span> 
     </span>
     <span class='ocr_line' id='line_1_4' title="bbox 651 1197 1875 1287; baseline -0.003 -18"><span class='ocrx_word' id='word_1_22' title='bbox 651 1208 851 1286; x_wconf 59' lang='lat' dir='ltr'><strong>[mactae</strong></span> <span class='ocrx_word' id='word_1_23' title='bbox 871 1203 948 1287; x_wconf 82' lang='lat' dir='ltr'><strong>r&#39;pse,</strong></span> <span class='ocrx_word' id='word_1_24' title='bbox 973 1211 1000 1264; x_wconf 85' lang='lat' dir='ltr'><strong>et</strong></span> <span class='ocrx_word' id='word_1_25' title='bbox 1019 1198 1134 1262; x_wconf 74' lang='lat' dir='ltr'><strong>Paetus</strong></span> <span class='ocrx_word' id='word_1_26' title='bbox 1148 1209 1239 1284; x_wconf 82' lang='lat' dir='ltr'><strong>pater</strong></span> <span class='ocrx_word' id='word_1_27' title='bbox 1259 1209 1287 1262; x_wconf 86' lang='lat' dir='ltr'><strong>et</strong></span> <span class='ocrx_word' id='word_1_28' title='bbox 1305 1197 1362 1261; x_wconf 76' lang='lat' dir='ltr'><strong>atii</strong></span> <span class='ocrx_word' id='word_1_29' title='bbox 1379 1219 1453 1283; x_wconf 78' lang='lat' dir='ltr'><strong>quos</strong></span> <span class='ocrx_word' id='word_1_30' title='bbox 1472 1219 1528 1262; x_wconf 81' lang='lat' dir='ltr'><strong>nor</strong></span> <span class='ocrx_word' id='word_1_31' title='bbox 1547 1209 1691 1264; x_wconf 77' lang='lat' dir='ltr'><strong>extractor</strong></span> <span class='ocrx_word' id='word_1_32' title='bbox 1713 1222 1773 1264; x_wconf 83' lang='lat' dir='ltr'><strong>esre</strong></span> <span class='ocrx_word' id='word_1_33' title='bbox 1795 1202 1875 1267; x_wconf 80' lang='lat' dir='ltr'><strong>ardi-</strong></span> 
     </span>
     <span class='ocr_line' id='line_1_5' title="bbox 671 1280 1875 1363; baseline -0.005 -6"><span class='ocrx_word' id='word_1_34' title='bbox 671 1296 860 1363; x_wconf 78' lang='lat' dir='ltr'><strong>2trcremar.</strong></span> <span class='ocrx_word' id='word_1_35' title='bbox 902 1285 959 1349; x_wconf 88' lang='lat' dir='ltr'><strong>Vei</strong></span> <span class='ocrx_word' id='word_1_36' title='bbox 981 1282 1115 1348; x_wconf 79' lang='lat' dir='ltr'><strong>fortuitis</strong></span> <span class='ocrx_word' id='word_1_37' title='bbox 1134 1289 1167 1346; x_wconf 90' lang='lat' dir='ltr'><strong>et</strong></span> <span class='ocrx_word' id='word_1_38' title='bbox 1184 1281 1266 1346; x_wconf 93' lang='lat' dir='ltr'><strong>inter</strong></span> <span class='ocrx_word' id='word_1_39' title='bbox 1286 1280 1404 1348; x_wconf 82' lang='lat' dir='ltr'><strong>tabutas</strong></span> <span class='ocrx_word' id='word_1_40' title='bbox 1423 1281 1546 1347; x_wconf 84' lang='lat' dir='ltr'><strong>elucent</strong></span> <span class='ocrx_word' id='word_1_41' title='bbox 1566 1284 1684 1349; x_wconf 92' lang='lat' dir='ltr'><strong>semina</strong></span> <span class='ocrx_word' id='word_1_42' title='bbox 1702 1284 1798 1349; x_wconf 83' lang='lat' dir='ltr'><strong>intixa</strong></span> <span class='ocrx_word' id='word_1_43' title='bbox 1816 1287 1875 1352; x_wconf 79' lang='lat' dir='ltr'><strong>rir-</strong></span> 
     </span>
     <span class='ocr_line' id='line_1_6' title="bbox 701 1366 1874 1464; baseline -0.006 -22"><span class='ocrx_word' id='word_1_44' title='bbox 701 1384 822 1450; x_wconf 90' lang='lat' dir='ltr'><strong>tutum,</strong></span> <span class='ocrx_word' id='word_1_45' title='bbox 860 1391 940 1457; x_wconf 86' lang='lat' dir='ltr'><strong>quae</strong></span> <span class='ocrx_word' id='word_1_46' title='bbox 969 1389 1051 1433; x_wconf 91' lang='lat' dir='ltr'><strong>nunc</strong></span> <span class='ocrx_word' id='word_1_47' title='bbox 1079 1366 1182 1434; x_wconf 82' lang='lat' dir='ltr'><strong>uideas</strong></span> <span class='ocrx_word' id='word_1_48' title='bbox 1209 1366 1280 1431; x_wconf 85' lang='lat' dir='ltr'><strong>iicet</strong></span> <span class='ocrx_word' id='word_1_49' title='bbox 1302 1375 1339 1431; x_wconf 94' lang='lat' dir='ltr'><strong>ut</strong></span> <span class='ocrx_word' id='word_1_50' title='bbox 1359 1387 1377 1431; x_wconf 93' lang='lat' dir='ltr'><strong>e</strong></span> <span class='ocrx_word' id='word_1_51' title='bbox 1400 1373 1523 1464; x_wconf 80' lang='lat' dir='ltr'><strong>pectore</strong></span> <span class='ocrx_word' id='word_1_52' title='bbox 1546 1367 1698 1454; x_wconf 87' lang='lat' dir='ltr'><strong>Scipionis</strong></span> <span class='ocrx_word' id='word_1_53' title='bbox 1721 1370 1770 1436; x_wconf 82' lang='lat' dir='ltr'><strong>rei</strong></span> <span class='ocrx_word' id='word_1_54' title='bbox 1795 1392 1874 1436; x_wconf 92' lang='lat' dir='ltr'><strong>som·</strong></span> 
     </span>
     <span class='ocr_line' id='line_1_7' title="bbox 703 1451 1874 1527; baseline -0.003 -1"><span class='ocrx_word' id='word_1_55' title='bbox 703 1460 817 1527; x_wconf 85' lang='lat' dir='ltr'><strong>uiantis</strong></span> <span class='ocrx_word' id='word_1_56' title='bbox 838 1456 1001 1521; x_wconf 86' lang='lat' dir='ltr'><strong>emineant</strong></span> <span class='ocrx_word' id='word_1_57' title='bbox 1044 1453 1080 1518; x_wconf 88' lang='lat' dir='ltr'><strong>in</strong></span> <span class='ocrx_word' id='word_1_58' title='bbox 1102 1473 1134 1517; x_wconf 92' lang='lat' dir='ltr'><strong>re</strong></span> <span class='ocrx_word' id='word_1_59' title='bbox 1157 1451 1239 1515; x_wconf 92' lang='lat' dir='ltr'><strong>enim</strong></span> <span class='ocrx_word' id='word_1_60' title='bbox 1261 1472 1323 1516; x_wconf 93' lang='lat' dir='ltr'><strong>una</strong></span> <span class='ocrx_word' id='word_1_61' title='bbox 1370 1451 1541 1517; x_wconf 82' lang='lat' dir='ltr'><strong>oliticarum</strong></span> <span class='ocrx_word' id='word_1_62' title='bbox 1562 1454 1713 1519; x_wconf 82' lang='lat' dir='ltr'><strong>virtutum</strong></span> <span class='ocrx_word' id='word_1_63' title='bbox 1733 1457 1874 1522; x_wconf 91' lang='lat' dir='ltr'><strong>omnium</strong></span> 
     </span>
    </p>
   </div>
   <div class='ocr_carea' id='block_1_3' title="bbox 635 1620 1974 3505">
    <p class='ocr_par' dir='ltr' id='par_1_3' title="bbox 635 1620 1974 3505">
     <span class='ocr_line' id='line_1_8' title="bbox 703 1620 1874 1722; baseline -0.004 -26"><span class='ocrx_word' id='word_1_64' title='bbox 703 1628 901 1722; x_wconf 89' lang='lat' dir='ltr'><strong>perterritus,</strong></span> <span class='ocrx_word' id='word_1_65' title='bbox 934 1622 1083 1689; x_wconf 78' lang='lat' dir='ltr'><strong>tortitudo</strong></span> <span class='ocrx_word' id='word_1_66' title='bbox 1104 1628 1161 1686; x_wconf 83' lang='lat' dir='ltr'><strong>est</strong></span> <span class='ocrx_word' id='word_1_67' title='bbox 1203 1620 1297 1713; x_wconf 84' lang='lat' dir='ltr'><strong>Quod</strong></span> <span class='ocrx_word' id='word_1_68' title='bbox 1319 1642 1446 1687; x_wconf 91' lang='lat' dir='ltr'><strong>suorum</strong></span> <span class='ocrx_word' id='word_1_69' title='bbox 1467 1630 1603 1689; x_wconf 87' lang='lat' dir='ltr'><strong>terretur</strong></span> <span class='ocrx_word' id='word_1_70' title='bbox 1624 1623 1743 1689; x_wconf 90' lang='lat' dir='ltr'><strong>insidiis</strong></span> <span class='ocrx_word' id='word_1_71' title='bbox 1763 1626 1874 1712; x_wconf 87' lang='lat' dir='ltr'><strong>magis·</strong></span> 
     </span>
     <span class='ocr_line' id='line_1_9' title="bbox 703 1705 1875 1807; baseline -0.003 -25"><span class='ocrx_word' id='word_1_72' title='bbox 703 1738 766 1807; x_wconf 81' lang='lat' dir='ltr'><strong>que</strong></span> <span class='ocrx_word' id='word_1_73' title='bbox 787 1714 922 1780; x_wconf 85' lang='lat' dir='ltr'><strong>alienum</strong></span> <span class='ocrx_word' id='word_1_74' title='bbox 942 1707 1060 1773; x_wconf 79' lang='lat' dir='ltr'><strong>facinus</strong></span> <span class='ocrx_word' id='word_1_75' title='bbox 1081 1727 1175 1792; x_wconf 88' lang='lat' dir='ltr'><strong>quam</strong></span> <span class='ocrx_word' id='word_1_76' title='bbox 1197 1727 1288 1771; x_wconf 91' lang='lat' dir='ltr'><strong>suum</strong></span> <span class='ocrx_word' id='word_1_77' title='bbox 1311 1705 1462 1772; x_wconf 86' lang='lat' dir='ltr'><strong>horrescit</strong></span> <span class='ocrx_word' id='word_1_78' title='bbox 1482 1707 1626 1786; x_wconf 91' lang='lat' dir='ltr'><strong>exitium,</strong></span> <span class='ocrx_word' id='word_1_79' title='bbox 1647 1708 1687 1774; x_wconf 93' lang='lat' dir='ltr'><strong>de</strong></span> <span class='ocrx_word' id='word_1_80' title='bbox 1706 1711 1822 1795; x_wconf 88' lang='lat' dir='ltr'><strong>pietate</strong></span> <span class='ocrx_word' id='word_1_81' title='bbox 1843 1719 1875 1778; x_wconf 91' lang='lat' dir='ltr'><strong>et</strong></span> 
     </span>
     <span class='ocr_line' id='line_1_10' title="bbox 704 1790 1874 1877; baseline -0.003 -12"><span class='ocrx_word' id='word_1_82' title='bbox 704 1800 801 1870; x_wconf 87' lang='lat' dir='ltr'><strong>nimio</strong></span> <span class='ocrx_word' id='word_1_83' title='bbox 824 1798 856 1862; x_wconf 94' lang='lat' dir='ltr'><strong>in</strong></span> <span class='ocrx_word' id='word_1_84' title='bbox 878 1814 952 1860; x_wconf 92' lang='lat' dir='ltr'><strong>suos</strong></span> <span class='ocrx_word' id='word_1_85' title='bbox 969 1812 1074 1858; x_wconf 93' lang='lat' dir='ltr'><strong>amore</strong></span> <span class='ocrx_word' id='word_1_86' title='bbox 1095 1790 1247 1877; x_wconf 88' lang='lat' dir='ltr'><strong>procedit:</strong></span> <span class='ocrx_word' id='word_1_87' title='bbox 1285 1790 1361 1857; x_wconf 84' lang='lat' dir='ltr'><strong>haec</strong></span> <span class='ocrx_word' id='word_1_88' title='bbox 1382 1801 1487 1859; x_wconf 92' lang='lat' dir='ltr'><strong>autem</strong></span> <span class='ocrx_word' id='word_1_89' title='bbox 1509 1793 1643 1859; x_wconf 85' lang='lat' dir='ltr'><strong>diximus</strong></span> <span class='ocrx_word' id='word_1_90' title='bbox 1663 1793 1702 1859; x_wconf 89' lang='lat' dir='ltr'><strong>ad</strong></span> <span class='ocrx_word' id='word_1_91' title='bbox 1725 1795 1874 1862; x_wconf 86' lang='lat' dir='ltr'><strong>iustitiam</strong></span> 
     </span>
     <span class='ocr_line' id='line_1_11' title="bbox 702 1875 1874 1968; baseline -0.007 -14"><span class='ocrx_word' id='word_1_92' title='bbox 702 1883 827 1960; x_wconf 78' lang='lat' dir='ltr'><strong>reterri,</strong></span> <span class='ocrx_word' id='word_1_93' title='bbox 863 1899 943 1968; x_wconf 91' lang='lat' dir='ltr'><strong>quae</strong></span> <span class='ocrx_word' id='word_1_94' title='bbox 971 1884 1072 1943; x_wconf 86' lang='lat' dir='ltr'><strong>servat</strong></span> <span class='ocrx_word' id='word_1_95' title='bbox 1100 1875 1269 1961; x_wconf 89' lang='lat' dir='ltr'><strong>unicuique</strong></span> <span class='ocrx_word' id='word_1_96' title='bbox 1296 1877 1379 1962; x_wconf 89' lang='lat' dir='ltr'><strong>quod</strong></span> <span class='ocrx_word' id='word_1_97' title='bbox 1405 1899 1495 1944; x_wconf 92' lang='lat' dir='ltr'><strong>suum</strong></span> <span class='ocrx_word' id='word_1_98' title='bbox 1517 1886 1573 1944; x_wconf 86' lang='lat' dir='ltr'><strong>est</strong></span> <span class='ocrx_word' id='word_1_99' title='bbox 1617 1877 1711 1957; x_wconf 87' lang='lat' dir='ltr'><strong>Quod</strong></span> <span class='ocrx_word' id='word_1_100' title='bbox 1733 1900 1770 1945; x_wconf 88' lang='lat' dir='ltr'><strong>ea</strong></span> <span class='ocrx_word' id='word_1_101' title='bbox 1794 1902 1874 1967; x_wconf 88' lang='lat' dir='ltr'><strong>quae</strong></span> 
     </span>
     <span class='ocr_line' id='line_1_12' title="bbox 635 1960 1873 2063; baseline -0.006 -24"><span class='ocrx_word' id='word_1_102' title='bbox 635 1993 638 1997; x_wconf 86' lang='lat'>·</span> <span class='ocrx_word' id='word_1_103' title='bbox 702 1971 870 2040; x_wconf 88' lang='lat' dir='ltr'><strong>arbitratur</strong></span> <span class='ocrx_word' id='word_1_104' title='bbox 893 1985 955 2029; x_wconf 90' lang='lat' dir='ltr'><strong>non</strong></span> <span class='ocrx_word' id='word_1_105' title='bbox 976 1984 1032 2048; x_wconf 89' lang='lat' dir='ltr'><strong>pro</strong></span> <span class='ocrx_word' id='word_1_106' title='bbox 1055 1960 1220 2047; x_wconf 86' lang='lat' dir='ltr'><strong>compertis</strong></span> <span class='ocrx_word' id='word_1_107' title='bbox 1240 1960 1347 2038; x_wconf 90' lang='lat' dir='ltr'><strong>habet,</strong></span> <span class='ocrx_word' id='word_1_108' title='bbox 1384 1962 1438 2028; x_wconf 90' lang='lat' dir='ltr'><strong>sed</strong></span> <span class='ocrx_word' id='word_1_109' title='bbox 1460 1972 1561 2049; x_wconf 88' lang='lat' dir='ltr'><strong>spreta</strong></span> <span class='ocrx_word' id='word_1_110' title='bbox 1588 1963 1750 2061; x_wconf 92' lang='lat' dir='ltr'><strong>opinione,</strong></span> <span class='ocrx_word' id='word_1_111' title='bbox 1792 1986 1873 2063; x_wconf 84' lang='lat' dir='ltr'><strong>quae</strong></span> 
     </span>
     <span class='ocr_line' id='line_1_13' title="bbox 704 2046 1873 2134; baseline -0.007 -10"><span class='ocrx_word' id='word_1_112' title='bbox 704 2056 806 2124; x_wconf 88' lang='lat' dir='ltr'><strong>minus</strong></span> <span class='ocrx_word' id='word_1_113' title='bbox 827 2050 925 2117; x_wconf 89' lang='lat' dir='ltr'><strong>cautis</strong></span> <span class='ocrx_word' id='word_1_114' title='bbox 947 2047 1057 2113; x_wconf 89' lang='lat' dir='ltr'><strong>animis</strong></span> <span class='ocrx_word' id='word_1_115' title='bbox 1077 2068 1134 2134; x_wconf 93' lang='lat' dir='ltr'><strong>pro</strong></span> <span class='ocrx_word' id='word_1_116' title='bbox 1156 2067 1230 2113; x_wconf 81' lang='lat' dir='ltr'><strong>varo</strong></span> <span class='ocrx_word' id='word_1_117' title='bbox 1252 2046 1409 2125; x_wconf 88' lang='lat' dir='ltr'><strong>inolescit,</strong></span> <span class='ocrx_word' id='word_1_118' title='bbox 1451 2048 1572 2134; x_wconf 91' lang='lat' dir='ltr'><strong>quaerit</strong></span> <span class='ocrx_word' id='word_1_119' title='bbox 1592 2048 1709 2114; x_wconf 81' lang='lat' dir='ltr'><strong>discere</strong></span> <span class='ocrx_word' id='word_1_120' title='bbox 1730 2058 1873 2129; x_wconf 81' lang='lat' dir='ltr'><strong>certiora,</strong></span> 
     </span>
     <span class='ocr_line' id='line_1_14' title="bbox 673 2130 1875 2222; baseline -0.009 -11"><span class='ocrx_word' id='word_1_121' title='bbox 673 2141 874 2211; x_wconf 72' lang='lat' dir='ltr'><strong>dindubitata</strong></span> <span class='ocrx_word' id='word_1_122' title='bbox 896 2132 1058 2222; x_wconf 89' lang='lat' dir='ltr'><strong>prudentia</strong></span> <span class='ocrx_word' id='word_1_123' title='bbox 1079 2139 1135 2198; x_wconf 88' lang='lat' dir='ltr'><strong>est.</strong></span> <span class='ocrx_word' id='word_1_124' title='bbox 1195 2130 1304 2211; x_wconf 86' lang='lat' dir='ltr'><strong>Quod,</strong></span> <span class='ocrx_word' id='word_1_125' title='bbox 1339 2153 1410 2198; x_wconf 93' lang='lat' dir='ltr'><strong>cum</strong></span> <span class='ocrx_word' id='word_1_126' title='bbox 1441 2131 1575 2218; x_wconf 81' lang='lat' dir='ltr'><strong>perfecta</strong></span> <span class='ocrx_word' id='word_1_127' title='bbox 1602 2133 1729 2199; x_wconf 85' lang='lat' dir='ltr'><strong>beatitas</strong></span> <span class='ocrx_word' id='word_1_128' title='bbox 1750 2142 1783 2200; x_wconf 90' lang='lat' dir='ltr'><strong>et</strong></span> <span class='ocrx_word' id='word_1_129' title='bbox 1806 2156 1875 2200; x_wconf 88' lang='lat' dir='ltr'><strong>cae-</strong></span> 
     </span>
     <span class='ocr_line' id='line_1_15' title="bbox 702 2217 1875 2306; baseline -0.009 -10"><span class='ocrx_word' id='word_1_130' title='bbox 702 2228 788 2296; x_wconf 84' lang='lat' dir='ltr'><strong>lestis</strong></span> <span class='ocrx_word' id='word_1_131' title='bbox 809 2219 959 2291; x_wconf 88' lang='lat' dir='ltr'><strong>habitatio</strong></span> <span class='ocrx_word' id='word_1_132' title='bbox 979 2218 1132 2284; x_wconf 90' lang='lat' dir='ltr'><strong>humanae</strong></span> <span class='ocrx_word' id='word_1_133' title='bbox 1155 2224 1298 2294; x_wconf 90' lang='lat' dir='ltr'><strong>naturae,</strong></span> <span class='ocrx_word' id='word_1_134' title='bbox 1340 2217 1373 2282; x_wconf 94' lang='lat' dir='ltr'><strong>in</strong></span> <span class='ocrx_word' id='word_1_135' title='bbox 1394 2238 1456 2303; x_wconf 93' lang='lat' dir='ltr'><strong>qua</strong></span> <span class='ocrx_word' id='word_1_136' title='bbox 1477 2239 1510 2283; x_wconf 91' lang='lat' dir='ltr'><strong>se</strong></span> <span class='ocrx_word' id='word_1_137' title='bbox 1531 2226 1660 2284; x_wconf 84' lang='lat' dir='ltr'><strong>noverat</strong></span> <span class='ocrx_word' id='word_1_138' title='bbox 1680 2240 1763 2298; x_wconf 88' lang='lat' dir='ltr'><strong>esse,</strong></span> <span class='ocrx_word' id='word_1_139' title='bbox 1803 2241 1875 2306; x_wconf 91' lang='lat' dir='ltr'><strong>pro·</strong></span> 
     </span>
     <span class='ocr_line' id='line_1_16' title="bbox 703 2301 1874 2403; baseline -0.009 -22"><span class='ocrx_word' id='word_1_140' title='bbox 703 2313 851 2387; x_wconf 87' lang='lat' dir='ltr'><strong>mittitur,</strong></span> <span class='ocrx_word' id='word_1_141' title='bbox 888 2304 1032 2372; x_wconf 88' lang='lat' dir='ltr'><strong>audiendi</strong></span> <span class='ocrx_word' id='word_1_142' title='bbox 1052 2311 1158 2369; x_wconf 87' lang='lat' dir='ltr'><strong>tamen</strong></span> <span class='ocrx_word' id='word_1_143' title='bbox 1179 2301 1251 2367; x_wconf 88' lang='lat' dir='ltr'><strong>talia</strong></span> <span class='ocrx_word' id='word_1_144' title='bbox 1273 2302 1458 2369; x_wconf 91' lang='lat' dir='ltr'><strong>desiderium</strong></span> <span class='ocrx_word' id='word_1_145' title='bbox 1481 2302 1580 2368; x_wconf 80' lang='lat' dir='ltr'><strong>frenat</strong></span> <span class='ocrx_word' id='word_1_146' title='bbox 1600 2312 1753 2403; x_wconf 89' lang='lat' dir='ltr'><strong>temperat</strong></span> <span class='ocrx_word' id='word_1_147' title='bbox 1774 2312 1807 2370; x_wconf 91' lang='lat' dir='ltr'><strong>et</strong></span> <span class='ocrx_word' id='word_1_148' title='bbox 1827 2327 1874 2371; x_wconf 92' lang='lat' dir='ltr'><strong>se-</strong></span> 
     </span>
     <span class='ocr_line' id='line_1_17' title="bbox 703 2376 1974 2500; baseline -0.007 -36"><span class='ocrx_word' id='word_1_149' title='bbox 703 2403 856 2500; x_wconf 83' lang='lat' dir='ltr'><strong>questrat,</strong></span> <span class='ocrx_word' id='word_1_150' title='bbox 876 2400 913 2459; x_wconf 89' lang='lat' dir='ltr'><strong>ut</strong></span> <span class='ocrx_word' id='word_1_151' title='bbox 933 2391 972 2456; x_wconf 90' lang='lat' dir='ltr'><strong>de</strong></span> <span class='ocrx_word' id='word_1_152' title='bbox 992 2390 1055 2456; x_wconf 82' lang='lat' dir='ltr'><strong>vita</strong></span> <span class='ocrx_word' id='word_1_153' title='bbox 1075 2389 1123 2455; x_wconf 90' lang='lat' dir='ltr'><strong>avi</strong></span> <span class='ocrx_word' id='word_1_154' title='bbox 1146 2395 1178 2453; x_wconf 90' lang='lat' dir='ltr'><strong>et</strong></span> <span class='ocrx_word' id='word_1_155' title='bbox 1199 2387 1295 2471; x_wconf 87' lang='lat' dir='ltr'><strong>patris</strong></span> <span class='ocrx_word' id='word_1_156' title='bbox 1316 2387 1499 2475; x_wconf 90' lang='lat' dir='ltr'><strong>interroget,</strong></span> <span class='ocrx_word' id='word_1_157' title='bbox 1522 2389 1595 2475; x_wconf 94' lang='lat' dir='ltr'><strong>quid</strong></span> <span class='ocrx_word' id='word_1_158' title='bbox 1618 2389 1677 2454; x_wconf 82' lang='lat' dir='ltr'><strong>nin</strong></span> <span class='ocrx_word' id='word_1_159' title='bbox 1698 2397 1873 2477; x_wconf 91' lang='lat' dir='ltr'><strong>temperan·</strong></span> <span class='ocrx_word' id='word_1_160' title='bbox 1972 2376 1974 2403; x_wconf 56' lang='lat'>¹</span> 
     </span>
     <span class='ocr_line' id='line_1_18' title="bbox 701 2472 1873 2561; baseline -0.008 -11"><span class='ocrx_word' id='word_1_161' title='bbox 701 2492 746 2550; x_wconf 85' lang='lat' dir='ltr'><strong>tre</strong></span> <span class='ocrx_word' id='word_1_162' title='bbox 767 2484 836 2548; x_wconf 80' lang='lat' dir='ltr'><strong>esti</strong></span> <span class='ocrx_word' id='word_1_163' title='bbox 876 2477 994 2543; x_wconf 89' lang='lat' dir='ltr'><strong>utiam</strong></span> <span class='ocrx_word' id='word_1_164' title='bbox 1016 2482 1083 2539; x_wconf 91' lang='lat' dir='ltr'><strong>tum</strong></span> <span class='ocrx_word' id='word_1_165' title='bbox 1107 2474 1127 2538; x_wconf 90' lang='lat' dir='ltr'><strong>li</strong></span> <span class='ocrx_word' id='word_1_166' title='bbox 1150 2479 1238 2538; x_wconf 86' lang='lat' dir='ltr'><strong>uerat</strong></span> <span class='ocrx_word' id='word_1_167' title='bbox 1258 2472 1437 2539; x_wconf 77' lang='lat' dir='ltr'><strong>Africanum</strong></span> <span class='ocrx_word' id='word_1_168' title='bbox 1458 2495 1513 2560; x_wconf 90' lang='lat' dir='ltr'><strong>per</strong></span> <span class='ocrx_word' id='word_1_169' title='bbox 1532 2475 1668 2561; x_wconf 89' lang='lat' dir='ltr'><strong>quietem</strong></span> <span class='ocrx_word' id='word_1_170' title='bbox 1689 2474 1728 2540; x_wconf 87' lang='lat' dir='ltr'><strong>ad</strong></span> <span class='ocrx_word' id='word_1_171' title='bbox 1748 2495 1786 2540; x_wconf 86' lang='lat' dir='ltr'><strong>ea</strong></span> <span class='ocrx_word' id='word_1_172' title='bbox 1809 2476 1873 2541; x_wconf 87' lang='lat' dir='ltr'><strong>loca</strong></span> 
     </span>
     <span class='ocr_line' id='line_1_19' title="bbox 671 2495 1973 2656; baseline -0.007 -21"><span class='ocrx_word' id='word_1_173' title='bbox 671 2568 782 2656; x_wconf 71' lang='lat' dir='ltr'><strong>dquae</strong></span> <span class='ocrx_word' id='word_1_174' title='bbox 805 2563 863 2630; x_wconf 86' lang='lat' dir='ltr'><strong>sibi</strong></span> <span class='ocrx_word' id='word_1_175' title='bbox 884 2560 1071 2656; x_wconf 78' lang='lat' dir='ltr'><strong>debaroptur</strong></span> <span class='ocrx_word' id='word_1_176' title='bbox 1093 2495 1269 2623; x_wconf 77' lang='lat' dir='ltr'><strong>abductum.</strong></span> <span class='ocrx_word' id='word_1_177' title='bbox 1312 2559 1348 2623; x_wconf 93' lang='lat' dir='ltr'><strong>ln</strong></span> <span class='ocrx_word' id='word_1_178' title='bbox 1368 2557 1425 2625; x_wconf 89' lang='lat' dir='ltr'><strong>hac</strong></span> <span class='ocrx_word' id='word_1_179' title='bbox 1447 2567 1550 2625; x_wconf 83' lang='lat' dir='ltr'><strong>autam</strong></span> <span class='ocrx_word' id='word_1_180' title='bbox 1573 2559 1815 2646; x_wconf 81' lang='lat' dir='ltr'><strong>interrogatione</strong></span> <span class='ocrx_word' id='word_1_181' title='bbox 1835 2561 1872 2627; x_wconf 90' lang='lat' dir='ltr'><strong>de</strong></span> <span class='ocrx_word' id='word_1_182' title='bbox 1972 2587 1973 2599; x_wconf 52' lang='lat'>¹</span> 
     </span>
     <span class='ocr_line' id='line_1_20' title="bbox 702 2643 1874 2729; baseline -0.007 -11"><span class='ocrx_word' id='word_1_183' title='bbox 702 2651 823 2719; x_wconf 90' lang='lat' dir='ltr'><strong>animae</strong></span> <span class='ocrx_word' id='word_1_184' title='bbox 855 2643 1074 2711; x_wconf 81' lang='lat' dir='ltr'><strong>inmortalitate</strong></span> <span class='ocrx_word' id='word_1_185' title='bbox 1107 2648 1264 2707; x_wconf 89' lang='lat' dir='ltr'><strong>tractatur.</strong></span> <span class='ocrx_word' id='word_1_186' title='bbox 1313 2643 1413 2729; x_wconf 88' lang='lat' dir='ltr'><strong>ipsius</strong></span> <span class='ocrx_word' id='word_1_187' title='bbox 1446 2645 1528 2710; x_wconf 92' lang='lat' dir='ltr'><strong>enim</strong></span> <span class='ocrx_word' id='word_1_188' title='bbox 1559 2645 1793 2711; x_wconf 81' lang='lat' dir='ltr'><strong>consultationis</strong></span> <span class='ocrx_word' id='word_1_189' title='bbox 1824 2645 1874 2710; x_wconf 86' lang='lat' dir='ltr'><strong>hie</strong></span> 
     </span>
     <span class='ocr_line' id='line_1_21' title="bbox 701 2726 1871 2813; baseline -0.004 -12"><span class='ocrx_word' id='word_1_190' title='bbox 701 2755 812 2806; x_wconf 85' lang='lat' dir='ltr'><strong>sensus</strong></span> <span class='ocrx_word' id='word_1_191' title='bbox 832 2738 893 2797; x_wconf 89' lang='lat' dir='ltr'><strong>est:</strong></span> <span class='ocrx_word' id='word_1_192' title='bbox 936 2729 1015 2805; x_wconf 88' lang='lat' dir='ltr'><strong>Nos,</strong></span> <span class='ocrx_word' id='word_1_193' title='bbox 1038 2726 1154 2813; x_wconf 89' lang='lat' dir='ltr'><strong>inquit,</strong></span> <span class='ocrx_word' id='word_1_194' title='bbox 1173 2726 1360 2792; x_wconf 88' lang='lat' dir='ltr'><strong>arbitramur</strong></span> <span class='ocrx_word' id='word_1_195' title='bbox 1379 2729 1513 2796; x_wconf 90' lang='lat' dir='ltr'><strong>animam</strong></span> <span class='ocrx_word' id='word_1_196' title='bbox 1535 2751 1605 2796; x_wconf 90' lang='lat' dir='ltr'><strong>cum</strong></span> <span class='ocrx_word' id='word_1_197' title='bbox 1627 2730 1689 2796; x_wconf 88' lang='lat' dir='ltr'><strong>fine</strong></span> <span class='ocrx_word' id='word_1_198' title='bbox 1711 2731 1871 2797; x_wconf 90' lang='lat' dir='ltr'><strong>morientis</strong></span> 
     </span>
     <span class='ocr_line' id='line_1_22' title="bbox 701 2810 1871 2906; baseline -0.005 -18"><span class='ocrx_word' id='word_1_199' title='bbox 701 2816 841 2906; x_wconf 80' lang='lat' dir='ltr'><strong>extingui</strong></span> <span class='ocrx_word' id='word_1_200' title='bbox 873 2834 929 2880; x_wconf 89' lang='lat' dir='ltr'><strong>nec</strong></span> <span class='ocrx_word' id='word_1_201' title='bbox 956 2810 1087 2879; x_wconf 87' lang='lat' dir='ltr'><strong>ulterius</strong></span> <span class='ocrx_word' id='word_1_202' title='bbox 1107 2832 1173 2877; x_wconf 89' lang='lat' dir='ltr'><strong>esse</strong></span> <span class='ocrx_word' id='word_1_203' title='bbox 1201 2818 1272 2897; x_wconf 94' lang='lat' dir='ltr'><strong>post</strong></span> <span class='ocrx_word' id='word_1_204' title='bbox 1293 2810 1460 2879; x_wconf 86' lang='lat' dir='ltr'><strong>hominem.</strong></span> <span class='ocrx_word' id='word_1_205' title='bbox 1507 2815 1562 2880; x_wconf 82' lang='lat' dir='ltr'><strong>Ait</strong></span> <span class='ocrx_word' id='word_1_206' title='bbox 1581 2815 1680 2881; x_wconf 89' lang='lat' dir='ltr'><strong>enim:</strong></span> <span class='ocrx_word' id='word_1_207' title='bbox 1717 2816 1802 2894; x_wconf 80' lang='lat' dir='ltr'><strong>Quos</strong></span> <span class='ocrx_word' id='word_1_208' title='bbox 1820 2841 1871 2882; x_wconf 78' lang='lat' dir='ltr'><strong>ex·</strong></span> 
     </span>
     <span class='ocr_line' id='line_1_23' title="bbox 700 2895 1873 2984; baseline -0.006 -10"><span class='ocrx_word' id='word_1_209' title='bbox 700 2909 807 2974; x_wconf 68' lang='lat' dir='ltr'><strong>tractor</strong></span> <span class='ocrx_word' id='word_1_210' title='bbox 828 2923 887 2968; x_wconf 81' lang='lat' dir='ltr'><strong>erre</strong></span> <span class='ocrx_word' id='word_1_211' title='bbox 907 2898 1141 2965; x_wconf 80' lang='lat' dir='ltr'><strong>arbitraremur:</strong></span> <span class='ocrx_word' id='word_1_212' title='bbox 1181 2895 1265 2982; x_wconf 91' lang='lat' dir='ltr'><strong>quod</strong></span> <span class='ocrx_word' id='word_1_213' title='bbox 1287 2904 1391 2963; x_wconf 91' lang='lat' dir='ltr'><strong>autem</strong></span> <span class='ocrx_word' id='word_1_214' title='bbox 1413 2899 1620 2984; x_wconf 85' lang='lat' dir='ltr'><strong>extinguitur,</strong></span> <span class='ocrx_word' id='word_1_215' title='bbox 1649 2922 1716 2967; x_wconf 90' lang='lat' dir='ltr'><strong>esse</strong></span> <span class='ocrx_word' id='word_1_216' title='bbox 1737 2901 1799 2967; x_wconf 91' lang='lat' dir='ltr'><strong>iam</strong></span> <span class='ocrx_word' id='word_1_217' title='bbox 1821 2901 1873 2967; x_wconf 92' lang='lat' dir='ltr'><strong>de·</strong></span> 
     </span>
     <span class='ocr_line' id='line_1_24' title="bbox 702 2980 1874 3071; baseline -0.005 -12"><span class='ocrx_word' id='word_1_218' title='bbox 702 2993 785 3059; x_wconf 86' lang='lat' dir='ltr'><strong>sinit</strong></span> <span class='ocrx_word' id='word_1_219' title='bbox 833 2988 931 3071; x_wconf 86' lang='lat' dir='ltr'><strong>Ergo:</strong></span> <span class='ocrx_word' id='word_1_220' title='bbox 968 2982 1069 3050; x_wconf 83' lang='lat' dir='ltr'><strong>Velim</strong></span> <span class='ocrx_word' id='word_1_221' title='bbox 1092 2982 1190 3059; x_wconf 92' lang='lat' dir='ltr'><strong>dicas,</strong></span> <span class='ocrx_word' id='word_1_222' title='bbox 1218 2980 1337 3068; x_wconf 90' lang='lat' dir='ltr'><strong>inquit,</strong></span> <span class='ocrx_word' id='word_1_223' title='bbox 1366 2983 1391 3049; x_wconf 94' lang='lat' dir='ltr'><strong>si</strong></span> <span class='ocrx_word' id='word_1_224' title='bbox 1414 2993 1446 3050; x_wconf 88' lang='lat' dir='ltr'><strong>et</strong></span> <span class='ocrx_word' id='word_1_225' title='bbox 1467 2994 1555 3071; x_wconf 89' lang='lat' dir='ltr'><strong>pater</strong></span> <span class='ocrx_word' id='word_1_226' title='bbox 1575 2987 1692 3052; x_wconf 81' lang='lat' dir='ltr'><strong>Paulus</strong></span> <span class='ocrx_word' id='word_1_227' title='bbox 1715 2993 1820 3052; x_wconf 89' lang='lat' dir='ltr'><strong>tecum</strong></span> <span class='ocrx_word' id='word_1_228' title='bbox 1841 2996 1874 3053; x_wconf 90' lang='lat' dir='ltr'><strong>et</strong></span> 
     </span>
     <span class='ocr_line' id='line_1_25' title="bbox 671 3066 1873 3172; baseline -0.003 -30"><span class='ocrx_word' id='word_1_229' title='bbox 671 3074 754 3146; x_wconf 84' lang='lat' dir='ltr'><strong>balii</strong></span> <span class='ocrx_word' id='word_1_230' title='bbox 777 3077 952 3161; x_wconf 86' lang='lat' dir='ltr'><strong>supersunt</strong></span> <span class='ocrx_word' id='word_1_231' title='bbox 994 3067 1044 3134; x_wconf 83' lang='lat' dir='ltr'><strong>Ad</strong></span> <span class='ocrx_word' id='word_1_232' title='bbox 1066 3066 1146 3133; x_wconf 89' lang='lat' dir='ltr'><strong>hanc</strong></span> <span class='ocrx_word' id='word_1_233' title='bbox 1168 3067 1456 3153; x_wconf 86' lang='lat' dir='ltr'><strong>interrogationem,</strong></span> <span class='ocrx_word' id='word_1_234' title='bbox 1479 3091 1559 3156; x_wconf 89' lang='lat' dir='ltr'><strong>quae</strong></span> <span class='ocrx_word' id='word_1_235' title='bbox 1581 3078 1614 3136; x_wconf 91' lang='lat' dir='ltr'><strong>et</strong></span> <span class='ocrx_word' id='word_1_236' title='bbox 1634 3072 1673 3137; x_wconf 91' lang='lat' dir='ltr'><strong>de</strong></span> <span class='ocrx_word' id='word_1_237' title='bbox 1693 3073 1873 3172; x_wconf 91' lang='lat' dir='ltr'><strong>parentibus</strong></span> 
     </span>
     <span class='ocr_line' id='line_1_26' title="bbox 701 3153 1872 3253; baseline -0.007 -21"><span class='ocrx_word' id='word_1_238' title='bbox 701 3172 739 3232; x_wconf 91' lang='lat' dir='ltr'><strong>ut</strong></span> <span class='ocrx_word' id='word_1_239' title='bbox 759 3183 777 3230; x_wconf 89' lang='lat' dir='ltr'><strong>a</strong></span> <span class='ocrx_word' id='word_1_240' title='bbox 799 3160 851 3249; x_wconf 93' lang='lat' dir='ltr'><strong>pio</strong></span> <span class='ocrx_word' id='word_1_241' title='bbox 873 3155 954 3234; x_wconf 83' lang='lat' dir='ltr'><strong>tilio,</strong></span> <span class='ocrx_word' id='word_1_242' title='bbox 974 3161 1007 3221; x_wconf 91' lang='lat' dir='ltr'><strong>et</strong></span> <span class='ocrx_word' id='word_1_243' title='bbox 1027 3153 1065 3220; x_wconf 92' lang='lat' dir='ltr'><strong>de</strong></span> <span class='ocrx_word' id='word_1_244' title='bbox 1085 3153 1195 3220; x_wconf 89' lang='lat' dir='ltr'><strong>ceteris</strong></span> <span class='ocrx_word' id='word_1_245' title='bbox 1214 3161 1251 3219; x_wconf 94' lang='lat' dir='ltr'><strong>ut</strong></span> <span class='ocrx_word' id='word_1_246' title='bbox 1271 3173 1289 3218; x_wconf 90' lang='lat' dir='ltr'><strong>a</strong></span> <span class='ocrx_word' id='word_1_247' title='bbox 1310 3153 1447 3253; x_wconf 88' lang='lat' dir='ltr'><strong>sapiente</strong></span> <span class='ocrx_word' id='word_1_248' title='bbox 1470 3176 1504 3222; x_wconf 93' lang='lat' dir='ltr'><strong>ae</strong></span> <span class='ocrx_word' id='word_1_249' title='bbox 1525 3163 1666 3223; x_wconf 91' lang='lat' dir='ltr'><strong>naturam</strong></span> <span class='ocrx_word' id='word_1_250' title='bbox 1691 3179 1788 3244; x_wconf 82' lang='lat' dir='ltr'><strong>ipsam</strong></span> <span class='ocrx_word' id='word_1_251' title='bbox 1812 3158 1872 3224; x_wconf 93' lang='lat' dir='ltr'><strong>dis·</strong></span> 
     </span>
     <span class='ocr_line' id='line_1_27' title="bbox 650 3239 1873 3345; baseline -0.003 -32"><span class='ocrx_word' id='word_1_252' title='bbox 650 3249 840 3329; x_wconf 73' lang='lat' dir='ltr'><strong>[apariente</strong></span> <span class='ocrx_word' id='word_1_253' title='bbox 861 3241 1018 3345; x_wconf 87' lang='lat' dir='ltr'><strong>processit,</strong></span> <span class='ocrx_word' id='word_1_254' title='bbox 1039 3240 1114 3327; x_wconf 92' lang='lat' dir='ltr'><strong>quid</strong></span> <span class='ocrx_word' id='word_1_255' title='bbox 1136 3239 1187 3339; x_wconf 80' lang='lat' dir='ltr'><strong>ilie</strong></span> <span class='ocrx_word' id='word_1_256' title='bbox 1212 3239 1392 3339; x_wconf 76' lang='lat' dir='ltr'><strong>respondit?</strong></span> <span class='ocrx_word' id='word_1_257' title='bbox 1434 3242 1528 3307; x_wconf 85' lang='lat' dir='ltr'><strong>Immo</strong></span> <span class='ocrx_word' id='word_1_258' title='bbox 1549 3265 1629 3321; x_wconf 81' lang='lat' dir='ltr'><strong>aere,</strong></span> <span class='ocrx_word' id='word_1_259' title='bbox 1647 3244 1757 3330; x_wconf 89' lang='lat' dir='ltr'><strong>inquit,</strong></span> <span class='ocrx_word' id='word_1_260' title='bbox 1776 3244 1811 3308; x_wconf 81' lang='lat' dir='ltr'><strong>bi</strong></span> <span class='ocrx_word' id='word_1_261' title='bbox 1828 3247 1873 3311; x_wconf 80' lang='lat' dir='ltr'><strong>oi·</strong></span> 
     </span>
     <span class='ocr_line' id='line_1_28' title="bbox 701 3325 1974 3421; baseline 0 -25"><span class='ocrx_word' id='word_1_262' title='bbox 701 3346 789 3413; x_wconf 71' lang='lat' dir='ltr'><strong>aunt,</strong></span> <span class='ocrx_word' id='word_1_263' title='bbox 818 3353 871 3421; x_wconf 82' lang='lat' dir='ltr'><strong>qur</strong></span> <span class='ocrx_word' id='word_1_264' title='bbox 894 3352 911 3395; x_wconf 88' lang='lat' dir='ltr'><strong>e</strong></span> <span class='ocrx_word' id='word_1_265' title='bbox 934 3348 1095 3415; x_wconf 80' lang='lat' dir='ltr'><strong>corporum</strong></span> <span class='ocrx_word' id='word_1_266' title='bbox 1114 3325 1256 3401; x_wconf 74' lang='lat' dir='ltr'><strong>crocata,</strong></span> <span class='ocrx_word' id='word_1_267' title='bbox 1288 3336 1438 3412; x_wconf 79' lang='lat' dir='ltr'><strong>tamquam</strong></span> <span class='ocrx_word' id='word_1_268' title='bbox 1464 3350 1480 3394; x_wconf 84' lang='lat' dir='ltr'><strong>e</strong></span> <span class='ocrx_word' id='word_1_269' title='bbox 1503 3348 1636 3406; x_wconf 82' lang='lat' dir='ltr'><strong>earcere,</strong></span> <span class='ocrx_word' id='word_1_270' title='bbox 1667 3330 1874 3396; x_wconf 74' lang='lat' dir='ltr'><strong>metaverant:</strong></span> <span class='ocrx_word' id='word_1_271' title='bbox 1971 3341 1974 3414; x_wconf 61' lang='lat' dir='ltr'><strong>i,</strong></span> 
     </span>
     <span class='ocr_line' id='line_1_29' title="bbox 673 3412 1974 3505; baseline -0.008 -13"><span class='ocrx_word' id='word_1_272' title='bbox 673 3424 800 3492; x_wconf 76' lang='lat' dir='ltr'><strong>ieeetro</strong></span> <span class='ocrx_word' id='word_1_273' title='bbox 820 3438 889 3485; x_wconf 81' lang='lat' dir='ltr'><strong>vero</strong></span> <span class='ocrx_word' id='word_1_274' title='bbox 910 3413 1117 3505; x_wconf 74' lang='lat' dir='ltr'><strong>praedicitur</strong></span> <span class='ocrx_word' id='word_1_275' title='bbox 1138 3412 1279 3478; x_wconf 77' lang='lat' dir='ltr'><strong>essevt&#39;to</strong></span> <span class='ocrx_word' id='word_1_276' title='bbox 1301 3432 1383 3477; x_wconf 81' lang='lat' dir='ltr'><strong>more</strong></span> <span class='ocrx_word' id='word_1_277' title='bbox 1404 3423 1453 3478; x_wconf 81' lang='lat' dir='ltr'><strong>eet</strong></span> <span class='ocrx_word' id='word_1_278' title='bbox 1503 3412 1537 3479; x_wconf 87' lang='lat' dir='ltr'><strong>Si</strong></span> <span class='ocrx_word' id='word_1_279' title='bbox 1564 3412 1603 3479; x_wconf 90' lang='lat' dir='ltr'><strong>ad</strong></span> <span class='ocrx_word' id='word_1_280' title='bbox 1628 3412 1743 3481; x_wconf 78' lang='lat' dir='ltr'><strong>interos</strong></span> <span class='ocrx_word' id='word_1_281' title='bbox 1769 3436 1874 3481; x_wconf 88' lang='lat' dir='ltr'><strong>meare</strong></span> <span class='ocrx_word' id='word_1_282' title='bbox 1972 3439 1974 3491; x_wconf 68' lang='lat' dir='ltr'><strong>t</strong></span> 
     </span>
    </p>
   </div>
   <div class='ocr_carea' id='block_1_4' title="bbox 766 3527 1975 3665">
    <p class='ocr_par' dir='ltr' id='par_1_4' title="bbox 766 3527 1975 3665">
     <span class='ocr_line' id='line_1_30' title="bbox 1973 3527 1975 3554; baseline 0 0"><span class='ocrx_word' id='word_1_283' title='bbox 1973 3527 1975 3554; x_wconf 65' lang='grc' dir='ltr'><strong>ι</strong></span> 
     </span>
     <span class='ocr_line' id='line_1_31' title="bbox 766 3560 1975 3665; baseline -0.034 -1"><span class='ocrx_word' id='word_1_284' title='bbox 766 3610 837 3664; x_wconf 71' lang='lat' dir='ltr'><strong>usa</strong></span> <span class='ocrx_word' id='word_1_285' title='bbox 858 3603 1124 3665; x_wconf 68' lang='lat' dir='ltr'><strong>essartandum]</strong></span> <span class='ocrx_word' id='word_1_286' title='bbox 1972 3560 1975 3663; x_wconf 66' lang='lat' dir='ltr'><strong>t</strong></span> 
     </span>
    </p>
   </div>
   <div class='ocr_carea' id='block_1_5' title="bbox 698 3683 1982 4233">
    <p class='ocr_par' dir='ltr' id='par_1_5' title="bbox 699 3683 1976 3894">
     <span class='ocr_line' id='line_1_32' title="bbox 767 3683 1976 3761; baseline 0.002 -21"><span class='ocrx_word' id='word_1_287' title='bbox 767 3695 802 3747; x_wconf 76' lang='grc' dir='ltr'><strong>Χ.</strong></span> <span class='ocrx_word' id='word_1_288' title='bbox 840 3694 927 3759; x_wconf 79' lang='lat' dir='ltr'><strong>Caput</strong></span> <span class='ocrx_word' id='word_1_289' title='bbox 945 3691 979 3742; x_wconf 80' lang='grc' dir='ltr'><strong>Χ.</strong></span> <span class='ocrx_word' id='word_1_290' title='bbox 1017 3689 1088 3755; x_wconf 79' lang='lat' dir='ltr'><strong>Qoe‘d</strong></span> <span class='ocrx_word' id='word_1_291' title='bbox 1105 3686 1244 3739; x_wconf 77' lang='lat' dir='ltr'><strong>secundam</strong></span> <span class='ocrx_word' id='word_1_292' title='bbox 1260 3688 1363 3755; x_wconf 74' lang='lat' dir='ltr'><strong>priseos</strong></span> <span class='ocrx_word' id='word_1_293' title='bbox 1377 3688 1439 3742; x_wconf 82' lang='lat' dir='ltr'><strong>ittoa</strong></span> <span class='ocrx_word' id='word_1_294' title='bbox 1455 3688 1592 3759; x_wconf 70' lang='lat' dir='ltr'><strong>theologoe</strong></span> <span class='ocrx_word' id='word_1_295' title='bbox 1608 3689 1704 3757; x_wconf 78' lang='lat' dir='ltr'><strong>inseri3</strong></span> <span class='ocrx_word' id='word_1_296' title='bbox 1722 3699 1748 3745; x_wconf 85' lang='lat' dir='ltr'><strong>et</strong></span> <span class='ocrx_word' id='word_1_297' title='bbox 1765 3692 1873 3761; x_wconf 58' lang='lat' dir='ltr'><strong>maudo</strong></span> <span class='ocrx_word' id='word_1_298' title='bbox 1973 3683 1976 3742; x_wconf 73' lang='lat' dir='ltr'><strong>i</strong></span> 
     </span>
     <span class='ocr_line' id='line_1_33' title="bbox 699 3755 1872 3820; baseline -0.008 0"><span class='ocrx_word' id='word_1_299' title='bbox 699 3780 732 3820; x_wconf 70' lang='lat' dir='ltr'><strong>er</strong></span> <span class='ocrx_word' id='word_1_300' title='bbox 748 3778 837 3817; x_wconf 80' lang='lat' dir='ltr'><strong>earam</strong></span> <span class='ocrx_word' id='word_1_301' title='bbox 854 3759 905 3820; x_wconf 83' lang='lat' dir='ltr'><strong>(etr</strong></span> <span class='ocrx_word' id='word_1_302' title='bbox 923 3758 1034 3817; x_wconf 80' lang='lat' dir='ltr'><strong>boram)</strong></span> <span class='ocrx_word' id='word_1_303' title='bbox 1052 3755 1181 3807; x_wconf 80' lang='lat' dir='ltr'><strong>sententia</strong></span> <span class='ocrx_word' id='word_1_304' title='bbox 1202 3756 1295 3807; x_wconf 75' lang='lat' dir='ltr'><strong>anima</strong></span> <span class='ocrx_word' id='word_1_305' title='bbox 1315 3758 1472 3810; x_wconf 76' lang='lat' dir='ltr'><strong>nutrivere</strong></span> <span class='ocrx_word' id='word_1_306' title='bbox 1494 3766 1543 3811; x_wconf 82' lang='lat' dir='ltr'><strong>aut</strong></span> <span class='ocrx_word' id='word_1_307' title='bbox 1562 3760 1629 3811; x_wconf 83' lang='lat' dir='ltr'><strong>mori</strong></span> <span class='ocrx_word' id='word_1_308' title='bbox 1651 3760 1766 3812; x_wconf 81' lang='lat' dir='ltr'><strong>dicator.</strong></span> <span class='ocrx_word' id='word_1_309' title='bbox 1790 3759 1872 3811; x_wconf 83' lang='lat' dir='ltr'><strong>eir-b.</strong></span> 
     </span>
     <span class='ocr_line' id='line_1_34' title="bbox 804 3823 1873 3894; baseline 0 -15"><span class='ocrx_word' id='word_1_310' title='bbox 804 3832 827 3879; x_wconf 88' lang='grc'><strong>1.</strong></span> <span class='ocrx_word' id='word_1_311' title='bbox 863 3827 907 3877; x_wconf 77' lang='lat' dir='ltr'><strong>Ad</strong></span> <span class='ocrx_word' id='word_1_312' title='bbox 930 3824 1065 3890; x_wconf 74' lang='lat' dir='ltr'><strong>aequantia</strong></span> <span class='ocrx_word' id='word_1_313' title='bbox 1086 3830 1260 3874; x_wconf 81' lang='lat' dir='ltr'><strong>transeamus.</strong></span> <span class='ocrx_word' id='word_1_314' title='bbox 1296 3823 1376 3876; x_wconf 82' lang='lat' dir='ltr'><strong>Haec</strong></span> <span class='ocrx_word' id='word_1_315' title='bbox 1397 3827 1574 3878; x_wconf 81' lang='lat' dir='ltr'><strong>antecedenti</strong></span> <span class='ocrx_word' id='word_1_316' title='bbox 1598 3825 1685 3894; x_wconf 85' lang='lat' dir='ltr'><strong>capiti</strong></span> <span class='ocrx_word' id='word_1_317' title='bbox 1711 3827 1873 3879; x_wconf 86' lang='lat' dir='ltr'><strong>tribuuntur</strong></span> 
     </span>
    </p>

    <p class='ocr_par' dir='ltr' id='par_1_6' title="bbox 698 3889 1982 4096">
     <span class='ocr_line' id='line_1_35' title="bbox 699 3889 1982 3965; baseline -0.005 -13"><span class='ocrx_word' id='word_1_318' title='bbox 699 3897 729 3952; x_wconf 87' lang='lat' dir='ltr'><strong>in</strong></span> <span class='ocrx_word' id='word_1_319' title='bbox 751 3896 829 3949; x_wconf 81' lang='lat' dir='ltr'><strong>cir-b.</strong></span> <span class='ocrx_word' id='word_1_320' title='bbox 863 3889 1513 3959; x_wconf 72' lang='lat' dir='ltr'><strong>cta.1o‚§1.;tt‚o,§t.;11,ro,§r.</strong></span> <span class='ocrx_word' id='word_1_321' title='bbox 1670 3899 1692 3945; x_wconf 91' lang='grc' dir='ltr'><strong>Ι.</strong></span> <span class='ocrx_word' id='word_1_322' title='bbox 1728 3896 1872 3965; x_wconf 83' lang='lat' dir='ltr'><strong>Hieergo</strong></span> <span class='ocrx_word' id='word_1_323' title='bbox 1978 3938 1982 3946; x_wconf 91' lang='lat'><em>.</em></span> 
     </span>
     <span class='ocr_line' id='line_1_36' title="bbox 698 3957 1871 4032; baseline -0.003 -14"><span class='ocrx_word' id='word_1_324' title='bbox 698 3965 738 4020; x_wconf 84' lang='lat' dir='ltr'><strong>vi.</strong></span> <span class='ocrx_word' id='word_1_325' title='bbox 755 3993 789 4005; x_wconf 96' lang='lat'><em>-</em></span> <span class='ocrx_word' id='word_1_326' title='bbox 807 3971 832 4017; x_wconf 85' lang='lat' dir='ltr'><strong>et</strong></span> <span class='ocrx_word' id='word_1_327' title='bbox 844 3969 924 4032; x_wconf 85' lang='lat' dir='ltr'><strong>pater</strong></span> <span class='ocrx_word' id='word_1_328' title='bbox 943 3958 1045 4011; x_wconf 82' lang='lat' dir='ltr'><strong>Paulae</strong></span> <span class='ocrx_word' id='word_1_329' title='bbox 1063 3973 1089 4008; x_wconf 86' lang='lat' dir='ltr'><strong>a.</strong></span> <span class='ocrx_word' id='word_1_330' title='bbox 1122 3957 1222 4024; x_wconf 76' lang='lat' dir='ltr'><strong>pratas</strong></span> <span class='ocrx_word' id='word_1_331' title='bbox 1236 3965 1316 4024; x_wconf 85' lang='lat' dir='ltr'><strong>pater</strong></span> <span class='ocrx_word' id='word_1_332' title='bbox 1332 3964 1400 4020; x_wconf 84' lang='lat' dir='ltr'><strong>(om.</strong></span> <span class='ocrx_word' id='word_1_333' title='bbox 1419 3965 1459 4021; x_wconf 77' lang='lat' dir='ltr'><strong>et)</strong></span> <span class='ocrx_word' id='word_1_334' title='bbox 1476 3961 1510 4012; x_wconf 83' lang='lat' dir='ltr'><strong>G.</strong></span> <span class='ocrx_word' id='word_1_335' title='bbox 1532 3986 1567 3998; x_wconf 94' lang='lat'><strong>·-</strong></span> <span class='ocrx_word' id='word_1_336' title='bbox 1589 3961 1802 4014; x_wconf 75' lang='lat' dir='ltr'><strong>arbitrabamur</strong></span> <span class='ocrx_word' id='word_1_337' title='bbox 1824 3980 1871 4030; x_wconf 85' lang='lat' dir='ltr'><strong>ag.</strong></span> 
     </span>
     <span class='ocr_line' id='line_1_37' title="bbox 800 4023 1872 4096; baseline -0.003 -12"><span class='ocrx_word' id='word_1_338' title='bbox 800 4036 827 4084; x_wconf 71' lang='lat'><strong>2.</strong></span> <span class='ocrx_word' id='word_1_339' title='bbox 867 4030 914 4083; x_wconf 80' lang='lat' dir='ltr'><strong>Vet</strong></span> <span class='ocrx_word' id='word_1_340' title='bbox 929 4026 1079 4093; x_wconf 77' lang='lat' dir='ltr'><strong>efortue&#39;te&#39;e</strong></span> <span class='ocrx_word' id='word_1_341' title='bbox 1093 4023 1163 4076; x_wconf 76' lang='lat' dir='ltr'><strong>Bau.</strong></span> <span class='ocrx_word' id='word_1_342' title='bbox 1198 4025 1240 4076; x_wconf 81' lang='lat' dir='ltr'><strong>vel</strong></span> <span class='ocrx_word' id='word_1_343' title='bbox 1259 4026 1292 4076; x_wconf 81' lang='lat' dir='ltr'><strong>ia</strong></span> <span class='ocrx_word' id='word_1_344' title='bbox 1304 4028 1370 4091; x_wconf 78' lang='lat' dir='ltr'><strong>sort.</strong></span> <span class='ocrx_word' id='word_1_345' title='bbox 1386 4027 1457 4079; x_wconf 79' lang='lat' dir='ltr'><strong>Bae.</strong></span> <span class='ocrx_word' id='word_1_346' title='bbox 1474 4029 1652 4080; x_wconf 82' lang='lat' dir='ltr'><strong>-oe&#39;rtutum</strong></span> <span class='ocrx_word' id='word_1_347' title='bbox 1669 4031 1754 4096; x_wconf 72' lang='lat' dir='ltr'><strong>infixa</strong></span> <span class='ocrx_word' id='word_1_348' title='bbox 1770 4030 1821 4082; x_wconf 82' lang='lat' dir='ltr'><strong>Bi.</strong></span> <span class='ocrx_word' id='word_1_349' title='bbox 1836 4060 1872 4069; x_wconf 92' lang='lat'>—</span> 
     </span>
    </p>

    <p class='ocr_par' dir='ltr' id='par_1_7' title="bbox 698 4092 1980 4233">
     <span class='ocr_line' id='line_1_38' title="bbox 698 4092 1980 4173; baseline -0.003 -21"><span class='ocrx_word' id='word_1_350' title='bbox 698 4101 733 4156; x_wconf 76' lang='lat' dir='ltr'><strong>in</strong></span> <span class='ocrx_word' id='word_1_351' title='bbox 753 4109 858 4173; x_wconf 86' lang='lat' dir='ltr'><strong>pectore</strong></span> <span class='ocrx_word' id='word_1_352' title='bbox 880 4097 951 4150; x_wconf 70' lang='lat' dir='ltr'><strong>aaa.</strong></span> <span class='ocrx_word' id='word_1_353' title='bbox 977 4124 1010 4134; x_wconf 98' lang='lat'><em>-</em></span> <span class='ocrx_word' id='word_1_354' title='bbox 1036 4092 1193 4145; x_wconf 79' lang='lat' dir='ltr'><strong>eomar&#39;errtr&#39;e</strong></span> <span class='ocrx_word' id='word_1_355' title='bbox 1214 4095 1285 4156; x_wconf 86' lang='lat' dir='ltr'><strong>(om.</strong></span> <span class='ocrx_word' id='word_1_356' title='bbox 1309 4095 1366 4161; x_wconf 85' lang='lat' dir='ltr'><strong>aet)</strong></span> <span class='ocrx_word' id='word_1_357' title='bbox 1388 4095 1463 4147; x_wconf 78' lang='lat' dir='ltr'><strong>Fur.</strong></span> <span class='ocrx_word' id='word_1_358' title='bbox 1488 4121 1520 4133; x_wconf 90' lang='lat'><strong>-·</strong></span> <span class='ocrx_word' id='word_1_359' title='bbox 1549 4097 1662 4148; x_wconf 79' lang='lat' dir='ltr'><strong>omniane</strong></span> <span class='ocrx_word' id='word_1_360' title='bbox 1684 4099 1812 4150; x_wconf 77' lang='lat' dir='ltr'><strong>virtutum</strong></span> <span class='ocrx_word' id='word_1_361' title='bbox 1838 4097 1870 4150; x_wconf 94' lang='lat' dir='ltr'><strong>F.</strong></span> <span class='ocrx_word' id='word_1_362' title='bbox 1978 4130 1980 4137; x_wconf 90' lang='lat'>·</span> 
     </span>
     <span class='ocr_line' id='line_1_39' title="bbox 800 4160 1872 4233; baseline -0.004 -11"><span class='ocrx_word' id='word_1_363' title='bbox 800 4174 826 4222; x_wconf 87' lang='lat' dir='ltr'><strong>a.</strong></span> <span class='ocrx_word' id='word_1_364' title='bbox 860 4168 989 4220; x_wconf 79' lang='lat' dir='ltr'><strong>abiaram</strong></span> <span class='ocrx_word' id='word_1_365' title='bbox 1001 4163 1112 4230; x_wconf 79' lang='lat' dir='ltr'><strong>socians</strong></span> <span class='ocrx_word' id='word_1_366' title='bbox 1131 4160 1175 4211; x_wconf 79' lang='lat' dir='ltr'><strong>Pu</strong></span> <span class='ocrx_word' id='word_1_367' title='bbox 1191 4160 1288 4225; x_wconf 83' lang='grc' dir='ltr'><strong>,,Μι.“</strong></span> <span class='ocrx_word' id='word_1_368' title='bbox 1308 4190 1336 4200; x_wconf 90' lang='grc'>-</span> <span class='ocrx_word' id='word_1_369' title='bbox 1356 4163 1482 4230; x_wconf 72' lang='lat' dir='ltr'><strong>dirimas]</strong></span> <span class='ocrx_word' id='word_1_370' title='bbox 1502 4179 1525 4214; x_wconf 88' lang='lat' dir='ltr'><strong>c.</strong></span> <span class='ocrx_word' id='word_1_371' title='bbox 1542 4167 1569 4227; x_wconf 80' lang='lat'><strong>8,</strong></span> <span class='ocrx_word' id='word_1_372' title='bbox 1585 4164 1599 4229; x_wconf 59' lang='grc' dir='ltr'>ᾗ</span> <span class='ocrx_word' id='word_1_373' title='bbox 1617 4169 1643 4216; x_wconf 75' lang='lat' dir='ltr'><strong>t.</strong></span> <span class='ocrx_word' id='word_1_374' title='bbox 1661 4192 1694 4203; x_wconf 90' lang='lat'><strong>-·</strong></span> <span class='ocrx_word' id='word_1_375' title='bbox 1713 4182 1781 4233; x_wconf 79' lang='lat' dir='ltr'><strong>quae</strong></span> <span class='ocrx_word' id='word_1_376' title='bbox 1798 4167 1872 4218; x_wconf 82' lang='lat' dir='ltr'><strong>arbi-</strong></span> 
     </span>
    </p>
   </div>
   <div class='ocr_carea' id='block_1_6' title="bbox 673 1472 1874 1635">
    <p class='ocr_par' dir='ltr' id='par_1_8' title="bbox 673 1168 1979 1815">
     <span class='ocr_line' id='line_1_40' title="bbox 673 1472 1874 1635; baseline -0.01 -20"><span class='ocrx_word' id='word_1_377' title='bbox 673 1547 819 1635; x_wconf 76' lang='lat' dir='ltr'><strong>dpariter</strong></span> <span class='ocrx_word' id='word_1_378' title='bbox 834 1547 957 1606; x_wconf 89' lang='lat' dir='ltr'><strong>exercet</strong></span> <span class='ocrx_word' id='word_1_379' title='bbox 973 1537 1116 1604; x_wconf 84' lang='lat' dir='ltr'><strong>officium.</strong></span> <span class='ocrx_word' id='word_1_380' title='bbox 1160 1535 1253 1614; x_wconf 88' lang='lat' dir='ltr'><strong>Quod</strong></span> <span class='ocrx_word' id='word_1_381' title='bbox 1271 1557 1333 1601; x_wconf 92' lang='lat' dir='ltr'><strong>non</strong></span> <span class='ocrx_word' id='word_1_382' title='bbox 1349 1472 1466 1602; x_wconf 65' lang='lat' dir='ltr'><strong>iabitur</strong></span> <span class='ocrx_word' id='word_1_383' title='bbox 1481 1537 1584 1603; x_wconf 89' lang='lat' dir='ltr'><strong>animo</strong></span> <span class='ocrx_word' id='word_1_384' title='bbox 1603 1538 1758 1625; x_wconf 90' lang='lat' dir='ltr'><strong>praedicta</strong></span> <span class='ocrx_word' id='word_1_385' title='bbox 1774 1549 1874 1606; x_wconf 91' lang='lat' dir='ltr'><strong>morte</strong></span> 
     </span>
    </p>
   </div>
   <div class='ocr_carea' id='block_1_7' title="bbox 696 4229 1871 4974">
    <p class='ocr_par' dir='ltr' id='par_1_9' title="bbox 697 4229 1871 4433">
     <span class='ocr_line' id='line_1_41' title="bbox 698 4229 1871 4300; baseline -0.007 -7"><span class='ocrx_word' id='word_1_386' title='bbox 698 4240 838 4295; x_wconf 81' lang='lat' dir='ltr'><strong>trabatur</strong></span> <span class='ocrx_word' id='word_1_387' title='bbox 855 4232 952 4288; x_wconf 65' lang='lat' dir='ltr'><strong>vient..</strong></span> <span class='ocrx_word' id='word_1_388' title='bbox 973 4248 1068 4300; x_wconf 88' lang='lat' dir='ltr'><strong>—pro</strong></span> <span class='ocrx_word' id='word_1_389' title='bbox 1086 4247 1141 4281; x_wconf 86' lang='lat' dir='ltr'><strong>eom</strong></span> <span class='ocrx_word' id='word_1_390' title='bbox 1161 4231 1223 4280; x_wconf 78' lang='lat' dir='ltr'><strong>ertia</strong></span> <span class='ocrx_word' id='word_1_391' title='bbox 1239 4247 1293 4280; x_wconf 82' lang='lat' dir='ltr'><strong>non</strong></span> <span class='ocrx_word' id='word_1_392' title='bbox 1310 4229 1340 4281; x_wconf 89' lang='lat' dir='ltr'><strong>F.</strong></span> <span class='ocrx_word' id='word_1_393' title='bbox 1361 4259 1385 4267; x_wconf 92' lang='lat'>—</span> <span class='ocrx_word' id='word_1_394' title='bbox 1407 4233 1534 4283; x_wconf 78' lang='lat' dir='ltr'><strong>inolevit</strong></span> <span class='ocrx_word' id='word_1_395' title='bbox 1553 4232 1606 4281; x_wconf 87' lang='lat' dir='ltr'><strong>Hl.</strong></span> <span class='ocrx_word' id='word_1_396' title='bbox 1759 4237 1784 4284; x_wconf 87' lang='grc'><strong>4.</strong></span> <span class='ocrx_word' id='word_1_397' title='bbox 1819 4233 1871 4285; x_wconf 81' lang='lat' dir='ltr'><strong>brr-</strong></span> 
     </span>
     <span class='ocr_line' id='line_1_42' title="bbox 697 4247 1871 4365; baseline -0.004 -7"><span class='ocrx_word' id='word_1_398' title='bbox 697 4324 795 4363; x_wconf 74' lang='lat' dir='ltr'><strong>mae</strong></span> <span class='ocrx_word' id='word_1_399' title='bbox 817 4323 872 4358; x_wconf 92' lang='lat' dir='ltr'><strong>om.</strong></span> <span class='ocrx_word' id='word_1_400' title='bbox 894 4303 926 4354; x_wconf 79' lang='lat' dir='ltr'><strong>u.</strong></span> <span class='ocrx_word' id='word_1_401' title='bbox 948 4330 981 4342; x_wconf 88' lang='lat'><strong>·-</strong></span> <span class='ocrx_word' id='word_1_402' title='bbox 1003 4300 1073 4353; x_wconf 86' lang='lat' dir='ltr'><strong>tatia</strong></span> <span class='ocrx_word' id='word_1_403' title='bbox 1091 4247 1567 4365; x_wconf 59' lang='lat' dir='ltr'><strong>aadnacerav-agnPLTnum.</strong></span> <span class='ocrx_word' id='word_1_404' title='bbox 1588 4298 1683 4363; x_wconf 80' lang='lat' dir='ltr'><strong>„Me.“</strong></span> <span class='ocrx_word' id='word_1_405' title='bbox 1722 4299 1786 4353; x_wconf 77' lang='lat' dir='ltr'><strong>atta</strong></span> <span class='ocrx_word' id='word_1_406' title='bbox 1806 4301 1871 4353; x_wconf 80' lang='lat' dir='ltr'>th</span> 
     </span>
     <span class='ocr_line' id='line_1_43' title="bbox 698 4365 1717 4433; baseline -0.007 -9"><span class='ocrx_word' id='word_1_407' title='bbox 698 4392 753 4429; x_wconf 80' lang='grc' dir='ltr'><strong>ι-ι.</strong></span> <span class='ocrx_word' id='word_1_408' title='bbox 774 4401 802 4428; x_wconf 89' lang='grc'><strong>-,-</strong></span> <span class='ocrx_word' id='word_1_409' title='bbox 822 4374 957 4425; x_wconf 85' lang='lat' dir='ltr'><strong>debentur</strong></span> <span class='ocrx_word' id='word_1_410' title='bbox 975 4369 1025 4419; x_wconf 83' lang='lat' dir='ltr'><strong>Rt.</strong></span> <span class='ocrx_word' id='word_1_411' title='bbox 1048 4395 1075 4405; x_wconf 96' lang='lat'><em>-</em></span> <span class='ocrx_word' id='word_1_412' title='bbox 1097 4366 1250 4418; x_wconf 82' lang='lat' dir='ltr'><strong>adductam</strong></span> <span class='ocrx_word' id='word_1_413' title='bbox 1271 4365 1404 4433; x_wconf 69' lang='lat' dir='ltr'><strong>Rama-g.</strong></span> <span class='ocrx_word' id='word_1_414' title='bbox 1439 4367 1580 4418; x_wconf 82' lang='lat' dir='ltr'><strong>abductam</strong></span> <span class='ocrx_word' id='word_1_415' title='bbox 1599 4373 1647 4417; x_wconf 85' lang='lat' dir='ltr'><strong>eet</strong></span> <span class='ocrx_word' id='word_1_416' title='bbox 1665 4366 1717 4417; x_wconf 77' lang='lat' dir='ltr'><strong>stt.</strong></span> 
     </span>
    </p>

    <p class='ocr_par' dir='ltr' id='par_1_10' title="bbox 696 4432 1871 4974">
     <span class='ocr_line' id='line_1_44' title="bbox 697 4432 1871 4508; baseline -0.008 -13"><span class='ocrx_word' id='word_1_417' title='bbox 697 4446 723 4495; x_wconf 74' lang='lat' dir='ltr'><strong>b.</strong></span> <span class='ocrx_word' id='word_1_418' title='bbox 757 4441 841 4508; x_wconf 80' lang='lat' dir='ltr'><strong>ipsine</strong></span> <span class='ocrx_word' id='word_1_419' title='bbox 862 4439 931 4489; x_wconf 84' lang='lat' dir='ltr'><strong>enim</strong></span> <span class='ocrx_word' id='word_1_420' title='bbox 953 4444 1058 4488; x_wconf 83' lang='lat' dir='ltr'><strong>autem</strong></span> <span class='ocrx_word' id='word_1_421' title='bbox 1079 4433 1111 4484; x_wconf 84' lang='lat' dir='ltr'><strong>F.</strong></span> <span class='ocrx_word' id='word_1_422' title='bbox 1146 4434 1230 4501; x_wconf 82' lang='lat' dir='ltr'><strong>ipriae</strong></span> <span class='ocrx_word' id='word_1_423' title='bbox 1249 4440 1357 4483; x_wconf 80' lang='lat' dir='ltr'><strong>cratem</strong></span> <span class='ocrx_word' id='word_1_424' title='bbox 1379 4433 1432 4484; x_wconf 87' lang='grc' dir='ltr'><strong>ΗΙ.</strong></span> <span class='ocrx_word' id='word_1_425' title='bbox 1457 4462 1490 4473; x_wconf 89' lang='lat'><strong>-·</strong></span> <span class='ocrx_word' id='word_1_426' title='bbox 1510 4435 1598 4502; x_wconf 78' lang='lat' dir='ltr'><strong>inquit</strong></span> <span class='ocrx_word' id='word_1_427' title='bbox 1616 4432 1871 4486; x_wconf 83' lang='lat' dir='ltr'><strong>arbitrabamarF</strong></span> 
     </span>
     <span class='ocr_line' id='line_1_45' title="bbox 697 4500 1870 4574; baseline -0.008 -12"><span class='ocrx_word' id='word_1_428' title='bbox 697 4504 917 4574; x_wconf 69' lang='lat' dir='ltr'><strong>strar-guma.</strong></span> <span class='ocrx_word' id='word_1_429' title='bbox 938 4530 974 4543; x_wconf 88' lang='lat'><em>-</em></span> <span class='ocrx_word' id='word_1_430' title='bbox 994 4518 1049 4555; x_wconf 84' lang='lat' dir='ltr'><strong>esre</strong></span> <span class='ocrx_word' id='word_1_431' title='bbox 1071 4502 1259 4554; x_wconf 75' lang='lat' dir='ltr'><strong>arbitraremur</strong></span> <span class='ocrx_word' id='word_1_432' title='bbox 1282 4501 1359 4566; x_wconf 83' lang='lat' dir='ltr'><strong>(sup.</strong></span> <span class='ocrx_word' id='word_1_433' title='bbox 1382 4500 1473 4566; x_wconf 85' lang='lat' dir='ltr'><strong>amar)</strong></span> <span class='ocrx_word' id='word_1_434' title='bbox 1495 4500 1531 4553; x_wconf 84' lang='lat' dir='ltr'><strong>G.</strong></span> <span class='ocrx_word' id='word_1_435' title='bbox 1571 4502 1782 4553; x_wconf 81' lang='lat' dir='ltr'><strong>arbitrabamur</strong></span> <span class='ocrx_word' id='word_1_436' title='bbox 1800 4507 1870 4563; x_wconf 83' lang='lat' dir='ltr'><strong>(om.</strong></span> 
     </span>
     <span class='ocr_line' id='line_1_46' title="bbox 698 4566 1870 4641; baseline -0.007 -12"><span class='ocrx_word' id='word_1_437' title='bbox 698 4581 767 4637; x_wconf 76' lang='lat' dir='ltr'><strong>esee)</strong></span> <span class='ocrx_word' id='word_1_438' title='bbox 789 4590 835 4641; x_wconf 86' lang='lat' dir='ltr'><strong>ag.</strong></span> <span class='ocrx_word' id='word_1_439' title='bbox 860 4600 895 4613; x_wconf 92' lang='lat'><strong>·-</strong></span> <span class='ocrx_word' id='word_1_440' title='bbox 921 4574 999 4641; x_wconf 78' lang='lat' dir='ltr'><strong>Ergo</strong></span> <span class='ocrx_word' id='word_1_441' title='bbox 1021 4571 1100 4623; x_wconf 82' lang='lat' dir='ltr'><strong>velim</strong></span> <span class='ocrx_word' id='word_1_442' title='bbox 1122 4569 1197 4621; x_wconf 79' lang='lat' dir='ltr'><strong>dicae</strong></span> <span class='ocrx_word' id='word_1_443' title='bbox 1220 4566 1507 4636; x_wconf 79' lang='lat' dir='ltr'><strong>Mee.viangn.Bax.</strong></span> <span class='ocrx_word' id='word_1_444' title='bbox 1530 4569 1619 4634; x_wconf 85' lang='lat' dir='ltr'><strong>„iibri</strong></span> <span class='ocrx_word' id='word_1_445' title='bbox 1641 4570 1758 4621; x_wconf 81' lang='lat' dir='ltr'><strong>omnee“</strong></span> <span class='ocrx_word' id='word_1_446' title='bbox 1783 4570 1870 4621; x_wconf 84' lang='lat' dir='ltr'><strong>Gron.</strong></span> 
     </span>
     <span class='ocr_line' id='line_1_47' title="bbox 697 4636 1870 4713; baseline -0.006 -16"><span class='ocrx_word' id='word_1_447' title='bbox 697 4655 763 4713; x_wconf 83' lang='lat' dir='ltr'><strong>ergo</strong></span> <span class='ocrx_word' id='word_1_448' title='bbox 780 4643 858 4694; x_wconf 82' lang='lat' dir='ltr'><strong>eelim</strong></span> <span class='ocrx_word' id='word_1_449' title='bbox 876 4643 930 4693; x_wconf 82' lang='lat' dir='ltr'><strong>ium</strong></span> <span class='ocrx_word' id='word_1_450' title='bbox 948 4642 1022 4692; x_wconf 83' lang='lat' dir='ltr'><strong>dicar</strong></span> <span class='ocrx_word' id='word_1_451' title='bbox 1040 4638 1131 4689; x_wconf 82' lang='lat' dir='ltr'><strong>cha-a.</strong></span> <span class='ocrx_word' id='word_1_452' title='bbox 1153 4664 1181 4674; x_wconf 97' lang='lat'>-</span> <span class='ocrx_word' id='word_1_453' title='bbox 1199 4644 1225 4690; x_wconf 88' lang='lat' dir='ltr'><strong>et</strong></span> <span class='ocrx_word' id='word_1_454' title='bbox 1240 4636 1341 4704; x_wconf 82' lang='lat' dir='ltr'><strong>paulae</strong></span> <span class='ocrx_word' id='word_1_455' title='bbox 1376 4643 1433 4689; x_wconf 85' lang='lat' dir='ltr'><strong>ater</strong></span> <span class='ocrx_word' id='word_1_456' title='bbox 1452 4638 1520 4688; x_wconf 78' lang='lat' dir='ltr'><strong>ula.</strong></span> <span class='ocrx_word' id='word_1_457' title='bbox 1672 4641 1698 4687; x_wconf 83' lang='grc' dir='ltr'><strong>θ.</strong></span> <span class='ocrx_word' id='word_1_458' title='bbox 1733 4644 1759 4689; x_wconf 86' lang='lat' dir='ltr'><strong>et</strong></span> <span class='ocrx_word' id='word_1_459' title='bbox 1776 4638 1809 4689; x_wconf 85' lang='lat' dir='ltr'><strong>de</strong></span> <span class='ocrx_word' id='word_1_460' title='bbox 1826 4656 1870 4690; x_wconf 83' lang='lat' dir='ltr'><strong>ee-</strong></span> 
     </span>
     <span class='ocr_line' id='line_1_48' title="bbox 697 4653 1870 4773; baseline -0.009 -6"><span class='ocrx_word' id='word_1_461' title='bbox 697 4711 762 4767; x_wconf 80' lang='lat' dir='ltr'><strong>terie</strong></span> <span class='ocrx_word' id='word_1_462' title='bbox 780 4710 841 4771; x_wconf 84' lang='lat' dir='ltr'><strong>(vei</strong></span> <span class='ocrx_word' id='word_1_463' title='bbox 859 4715 940 4770; x_wconf 85' lang='lat' dir='ltr'><strong>raet.)</strong></span> <span class='ocrx_word' id='word_1_464' title='bbox 958 4702 1293 4773; x_wconf 67' lang='lat' dir='ltr'><strong>Mnavtngnuneantra</strong></span> <span class='ocrx_word' id='word_1_465' title='bbox 1310 4653 1399 4767; x_wconf 58' lang='lat' dir='ltr'><strong>„tigri</strong></span> <span class='ocrx_word' id='word_1_466' title='bbox 1417 4706 1533 4757; x_wconf 86' lang='lat' dir='ltr'><strong>omaee“</strong></span> <span class='ocrx_word' id='word_1_467' title='bbox 1552 4703 1638 4755; x_wconf 82' lang='lat' dir='ltr'><strong>Gran.</strong></span> <span class='ocrx_word' id='word_1_468' title='bbox 1673 4711 1698 4757; x_wconf 86' lang='lat' dir='ltr'><strong>et</strong></span> <span class='ocrx_word' id='word_1_469' title='bbox 1716 4706 1806 4757; x_wconf 65' lang='lat' dir='ltr'><strong>cama</strong></span> <span class='ocrx_word' id='word_1_470' title='bbox 1825 4723 1870 4757; x_wconf 67' lang='lat' dir='ltr'><strong>aa</strong></span> 
     </span>
     <span class='ocr_line' id='line_1_49' title="bbox 697 4770 1870 4860; baseline -0.005 -30"><span class='ocrx_word' id='word_1_471' title='bbox 697 4778 750 4843; x_wconf 83' lang='lat' dir='ltr'><strong>(eir</strong></span> <span class='ocrx_word' id='word_1_472' title='bbox 765 4781 857 4860; x_wconf 73' lang='lat' dir='ltr'><strong>caet).</strong></span> <span class='ocrx_word' id='word_1_473' title='bbox 874 4804 909 4816; x_wconf 92' lang='lat'><strong>-·</strong></span> <span class='ocrx_word' id='word_1_474' title='bbox 920 4775 1053 4843; x_wconf 80' lang='lat' dir='ltr'><strong>preterit</strong></span> <span class='ocrx_word' id='word_1_475' title='bbox 1070 4791 1095 4825; x_wconf 80' lang='lat' dir='ltr'><strong>v.</strong></span> <span class='ocrx_word' id='word_1_476' title='bbox 1114 4800 1140 4811; x_wconf 95' lang='lat'><em>-</em></span> <span class='ocrx_word' id='word_1_477' title='bbox 1160 4772 1299 4852; x_wconf 71' lang='lat' dir='ltr'><strong>respondet</strong></span> <span class='ocrx_word' id='word_1_478' title='bbox 1317 4776 1393 4853; x_wconf 62' lang='lat' dir='ltr'><strong>(sup.</strong></span> <span class='ocrx_word' id='word_1_479' title='bbox 1409 4774 1433 4833; x_wconf 76' lang='grc' dir='ltr'><strong>ι’)</strong></span> <span class='ocrx_word' id='word_1_480' title='bbox 1449 4772 1480 4824; x_wconf 83' lang='lat' dir='ltr'><strong>F.</strong></span> <span class='ocrx_word' id='word_1_481' title='bbox 1498 4800 1531 4810; x_wconf 92' lang='lat'>—</span> <span class='ocrx_word' id='word_1_482' title='bbox 1551 4771 1643 4838; x_wconf 83' lang='lat' dir='ltr'><strong>immo]</strong></span> <span class='ocrx_word' id='word_1_483' title='bbox 1659 4770 1755 4853; x_wconf 71' lang='lat' dir='ltr'><strong>Sarna.</strong></span> <span class='ocrx_word' id='word_1_484' title='bbox 1774 4772 1825 4830; x_wconf 80' lang='grc' dir='ltr'><strong>ΙΙΙ,</strong></span> <span class='ocrx_word' id='word_1_485' title='bbox 1843 4778 1870 4824; x_wconf 74' lang='grc'><strong>2.</strong></span> 
     </span>
     <span class='ocr_line' id='line_1_50' title="bbox 696 4839 1870 4974; baseline -0.009 -6"><span class='ocrx_word' id='word_1_486' title='bbox 696 4845 1166 4974; x_wconf 54' lang='grc' dir='ltr'><strong>Ξὲἳὲειῗῇἳῖῗὶἑὲἶῖ.ἰέ)’ἔὶ·,</strong></span> <span class='ocrx_word' id='word_1_487' title='bbox 1182 4865 1217 4959; x_wconf 67' lang='grc' dir='ltr'><strong>ἶ.</strong></span> <span class='ocrx_word' id='word_1_488' title='bbox 1232 4839 1774 4960; x_wconf 61' lang='lat' dir='ltr'><strong>§tti?·..¹³,².⁰d::·0ntt⁰0t„tt⁶.&#39;f“&#39;</strong></span> <span class='ocrx_word' id='word_1_489' title='bbox 1797 4839 1870 4893; x_wconf 78' lang='lat'><strong>⁸⁸⁸·</strong></span> 
     </span>
    </p>
   </div>
   <div class='ocr_carea' id='block_1_8' title="bbox 731 5064 1869 5182">
    <p class='ocr_par' dir='ltr' id='par_1_11' title="bbox 731 5064 1869 5182">
     <span class='ocr_line' id='line_1_51' title="bbox 731 5064 1869 5182; baseline -0.025 -11"><span class='ocrx_word' id='word_1_490' title='bbox 731 5117 766 5182; x_wconf 77' lang='lat' dir='ltr'><strong>X,</strong></span> <span class='ocrx_word' id='word_1_491' title='bbox 784 5120 811 5169; x_wconf 78' lang='lat'><strong>2.</strong></span> <span class='ocrx_word' id='word_1_492' title='bbox 845 5114 945 5169; x_wconf 80' lang='lat' dir='ltr'><strong>ermina</strong></span> <span class='ocrx_word' id='word_1_493' title='bbox 962 5114 1046 5181; x_wconf 80' lang='lat' dir='ltr'><strong>instra</strong></span> <span class='ocrx_word' id='word_1_494' title='bbox 1059 5110 1198 5177; x_wconf 83' lang='lat' dir='ltr'><strong>virtutum]</strong></span> <span class='ocrx_word' id='word_1_495' title='bbox 1218 5111 1253 5162; x_wconf 81' lang='lat' dir='ltr'><strong>ei.</strong></span> <span class='ocrx_word' id='word_1_496' title='bbox 1328 5077 1508 5181; x_wconf 40' lang='lat' dir='ltr'><strong><em>‚mmmmm</em></strong></span> <span class='ocrx_word' id='word_1_497' title='bbox 1525 5064 1664 5146; x_wconf 55' lang='lat' dir='ltr'><strong>viseum]</strong></span> <span class='ocrx_word' id='word_1_498' title='bbox 1692 5077 1729 5130; x_wconf 50' lang='grc' dir='ltr'><strong>οἳ·</strong></span> <span class='ocrx_word' id='word_1_499' title='bbox 1747 5094 1772 5130; x_wconf 79' lang='lat'><strong>⁰·</strong></span> <span class='ocrx_word' id='word_1_500' title='bbox 1786 5081 1817 5141; x_wconf 62' lang='grc' dir='ltr'><strong>θ’</strong></span> <span class='ocrx_word' id='word_1_501' title='bbox 1841 5078 1869 5144; x_wconf 66' lang='lat' dir='ltr'><strong>id</strong></span> 
     </span>
    </p>
   </div>
   <div class='ocr_carea' id='block_1_9' title="bbox 695 5182 1868 5347">
    <p class='ocr_par' dir='ltr' id='par_1_12' title="bbox 695 5182 1868 5347">
     <span class='ocr_line' id='line_1_52' title="bbox 695 5182 1868 5347; baseline -0.003 -79"><span class='ocrx_word' id='word_1_502' title='bbox 695 5186 1027 5324; x_wconf 43' lang='grc' dir='ltr'><strong>ξὲνῗᾰωξηῆἱὲἕῖᾓΡυω</strong></span> <span class='ocrx_word' id='word_1_503' title='bbox 1045 5199 1077 5236; x_wconf 74' lang='lat'><strong>“⁶</strong></span> <span class='ocrx_word' id='word_1_504' title='bbox 1094 5182 1146 5234; x_wconf 57' lang='grc' dir='ltr'><strong>’ω’</strong></span> <span class='ocrx_word' id='word_1_505' title='bbox 1160 5182 1254 5246; x_wconf 65' lang='lat' dir='ltr'><strong>s⁰m²¹⁶</strong></span> <span class='ocrx_word' id='word_1_506' title='bbox 1305 5214 1366 5347; x_wconf 44' lang='grc' dir='ltr'><strong>ως..</strong></span> <span class='ocrx_word' id='word_1_507' title='bbox 1384 5212 1424 5347; x_wconf 56' lang='lat' dir='ltr'><strong>fie&#39;i</strong></span> <span class='ocrx_word' id='word_1_508' title='bbox 1435 5212 1653 5346; x_wconf 33' lang='lat' dir='ltr'><strong>{inopacant}</strong></span> <span class='ocrx_word' id='word_1_509' title='bbox 1676 5212 1737 5265; x_wconf 85' lang='lat' dir='ltr'><strong>Vid.</strong></span> <span class='ocrx_word' id='word_1_510' title='bbox 1755 5217 1812 5267; x_wconf 86' lang='lat' dir='ltr'><strong>aot.</strong></span> <span class='ocrx_word' id='word_1_511' title='bbox 1831 5212 1868 5266; x_wconf 86' lang='lat' dir='ltr'><strong>ad</strong></span> 
     </span>
    </p>
   </div>
   <div class='ocr_carea' id='block_1_10' title="bbox 0 0 2550 6424">
    <p class='ocr_par' dir='ltr' id='par_1_13' title="bbox 0 0 2550 6424">
     <span class='ocr_line' id='line_1_53' title="bbox 0 0 2550 6424; baseline 0 0"><span class='ocrx_word' id='word_1_512' title='bbox 0 0 2550 6424; x_wconf 95' lang='lat' dir='ltr'><strong> </strong></span> 
     </span>
    </p>
   </div>
  </div>
 </body>
</html>
