5092 6425
707 855 831 902 xxxviii
1153 833 1490 907 PROLEGOMENA.

708 1007 849 1061 cbiridion.
884 1008 964 1059 lluue
983 1005 1149 1071 suspicabar
1166 1007 1248 1060 titulo
1263 1011 1405 1074 paululum
1423 1010 1530 1062 mutato
1547 1009 1677 1062 tributum
1694 1023 1761 1063 esse
1777 1013 1932 1068 Macroblo.

710 1091 799 1156 Quam
832 1094 1022 1159 suspicione·
1051 1097 1154 1158 postea
1187 1095 1244 1146 vidi
1274 1092 1466 1148 confirmatam
1492 1095 1586 1146 verbis
1618 1098 1656 1148 la.
1683 1097 1805 1150 Pontanl
1831 1100 1860 1151 ln
1883 1114 1934 1153 cx·

711 1187 800 1232 tremo
820 1182 949 1236 auctario
965 1186 1094 1235 uotamm
1112 1182 1145 1232 ad
1164 1182 1337 1234 Macrobiuu
1356 1180 1414 1246 (ed.
1434 1181 1469 1233 11.
1488 1196 1515 1245 p.
1530 1182 1619 1249 md:
1647 1186 1704 1252 „ln
1721 1186 1817 1238 nmine
1836 1188 1932 1250 operis

711 1267 785 1319 inter
805 1269 966 1320 testimonla
991 1270 1024 1319 de
1045 1267 1191 1318 lllacroblo
1219 1267 1337 1332 eiusque
1364 1268 1479 1332 scriptis
1504 1269 1590 1319 babes
1616 1282 1652 1320 ex
1674 1271 1777 1324 Isidori
1803 1274 1932 1337 glossis:

716 1353 873 1419 Vesceliam,
892 1370 1008 1425 paream
1023 1369 1081 1405 oua.
1117 1353 1282 1405 Macrobius.-
1313 1353 1425 1405 Sotacus
1441 1353 1527 1405 radiis
1544 1353 1572 1404 ia
1590 1370 1663 1422 aqna
1680 1344 1797 1409 subiecta
1813 1359 1932 1410 curalio.

712 1439 767 1488 sed
789 1442 896 1493 monuit
917 1454 961 1493 me
982 1441 1089 1492 anricus
1111 1452 1189 1490 meus
1210 1440 1241 1491 Ρ.
1258 1440 1420 1492 flcrlverlns
1435 1442 1528 1493 locun
1547 1441 1620 1490 bunc
1642 1441 1847 1506 glossograpbl
1871 1457 1935 1495 cor-

711 1528 821 1587 ruptum
848 1539 927 1594 esse,
957 1529 1160 1594 legendumque
1186 1539 1243 1578 non
1269 1527 1419 1579 Macrobius
1446 1528 1496 1578 sed
1520 1525 1692 1578 Morbotos
1715 1529 1778 1578 sive
1804 1528 1935 1581 Morbo·

714 1607 773 1659 dos
790 1614 838 1661 aut
856 1612 1033 1666 dinrbcdoeas
1049 1612 1178 1678 denique,
1197 1613 1244 1676 qul
1265 1615 1300 1664 de
1318 1612 1433 1678 gemmis
1449 1611 1565 1676 scripsit
1581 1611 1713 1662 carmine.
1740 1617 1850 1665 Auctor
1866 1628 1934 1666 asne

713 1706 770 1744 non
788 1701 1007 1753 contemnendus
1023 1714 1041 1752 a
1058 1701 1125 1751 lano
1139 1697 1280 1751 Gornarlo
1298 1698 1473 1750 celeberrimi
1490 1698 1610 1748 nominis
1627 1699 1734 1752 medico
1753 1700 1934 1764 supposititio

714 1782 848 1845 scriptori
867 1788 901 1838 de
918 1790 1011 1840 berbin
1032 1787 1159 1850 additus,
1187 1785 1278 1837 diceri
1300 1785 1408 1836 titulum
1424 1785 1598 1847 praeterens.
1633 1785 1803 1849 Quamquam
1821 1787 1936 1838 ircan-

715 1870 778 1917 seat
803 1881 869 1923 esse
890 1873 993 1926 incerti
1016 1872 1154 1938 auctoris,
1175 1872 1310 1935 notelque
1329 1871 1500 1933 exemplaria
1522 1872 1657 1934 quaedam
1679 1873 1783 1923 babere
1806 1872 1937 1924 Merboldi

715 1953 838 2023 episcopi.
873 1961 928 2010 sed
951 1961 1003 2012 sub
1024 1957 1163 2011 Morbodei
1187 1957 1262 2009 Gelli
1283 1955 1394 2010 nomine
1418 1956 1571 2018 publicavit
1596 1956 1739 2009 Pictorlus
1769 1957 1881 2021 qnidam
1909 1961 1937 2008 et

715 2039 834 2093 scholiis
852 2044 1016 2098 illustrarit.
1049 2044 1169 2110 Legitur
1188 2044 1282 2095 auten
1301 2044 1383 2095 locus
1402 2053 1481 2106 quem
1503 2043 1634 2108 designat
1651 2047 1753 2096 auctor
1775 2045 1937 2108 glossarum

717 2137 779 2190 cap.
796 2129 925 2184 XXvill.
945 2133 979 2183 de
995 2129 1187 2193 llellotropla=
1320 2183 1324 2190 ,

870 2218 914 2269 Ea
929 2233 958 2269 rc
973 2230 1067 2268 nonen
1084 2215 1196 2280 babens,
1210 2215 1310 2282 iuquit,
1329 2220 1368 2266 cst
1385 2213 1552 2282 Heliotropic
1568 2231 1687 2284 gemma,-

873 2302 951 2368 Qacd
975 2301 1059 2355 aola's
1080 2300 1244 2353 ruditate
1265 2315 1372 2368 aquae
1393 2300 1542 2352 subiecto
1562 2300 1689 2353 catillo

773 2452 775 2456 y
873 2388 1058 2458 Sanguineum
1074 2387 1171 2440 reddat
1185 2393 1289 2438 mutato
1308 2384 1406 2436 tamine
1420 2386 1509 2437 sotem.

719 2468 865 2527 Quomodo
893 2475 981 2539 igitur
1012 2472 1197 2537 corrigendus
1227 2471 1266 2522 alt
1294 2471 1437 2540 isidorus,
1470 2474 1516 2523 vel
1547 2470 1674 2534 quisquis
1705 2469 1794 2534 alius,
1827 2463 1936 2517 vides.“

719 2552 798 2612 Quae
816 2559 964 2610 Ernestius
981 2558 1101 2609 adiecltr
1118 2557 1267 2624 „l¹rotula,
1287 2556 1437 2609 Macrobius
1450 2561 1479 2608 et
1497 2556 1669 2608 elibertinus
1683 2558 1718 2608 dc
1736 2554 1859 2605 secretis
1876 2565 1936 2604 rau-

718 2636 817 2691 lierum
835 2655 903 2694 mss.
920 2644 1091 2695 exstiterunt
1106 2642 1307 2706 Norimbergae
1323 2642 1394 2704 apud
1413 2643 1446 2693 Ι).
1461 2644 1622 2694 liutfredum
1638 2638 1851 2704 rlcnssium‘,
1869 2641 1938 2690 baec

718 2721 839 2775 forsitan
855 2728 919 2790 quis
936 2729 1066 2781 retulerit
1087 2731 1122 2780 ad
1139 2728 1242 2780 Gomon.
1259 2728 1282 2792 l,
1301 2728 1328 2793 b,
1345 2725 1395 2794 bb,
1418 2729 1478 2778 sat.
1498 2727 1535 2794 ll,
1553 2732 1580 2792 d,
1599 2728 1629 2794 9,
1655 2730 1719 2796 Vll,
1737 2729 1763 2792 t,
1781 2727 1824 2776 lo.
1848 2738 1938 2788 usqne

719 2808 763 2858 ιιι
774 2822 835 2874 cap.
852 2813 877 2864 ⁷.
892 2812 907 2880 p
924 2814 984 2865 ia:
1009 2818 1040 2866 at
1057 2813 1238 2865 verisimilius
1258 2817 1303 2864 est
1321 2814 1367 2864 bic
1385 2827 1495 2878 quoque
1512 2813 1650 2864 Macrobii
1667 2826 1767 2865 nomen
1787 2825 1823 2863 ex
1841 2823 1939 2862 errore

720 2905 788 2945 ease
807 2897 928 2952 illatum:
955 2901 1091 2952 Albertl
1114 2900 1231 2964 Magni
1249 2901 1362 2950 libellus
1381 2900 1418 2951 dc
1437 2899 1571 2951 secretis
1591 2899 1760 2950 mulierum
1782 2898 1861 2950 etde
1883 2897 1938 2947 oir-

719 2980 820 3033 tutibae
835 2983 983 3050 herborum,
1003 2986 1132 3054 lapidum,
1152 2982 1310 3037 animalium
1329 2985 1422 3036 editus
1439 2989 1484 3035 eat
1502 2986 1684 3049 Argentorati
1707 2998 1733 3037 a.
1749 2983 1852 3036 mccl.

733 3100 736 3104 ·
789 3067 868 3127 Quae
882 3073 976 3124 blabul
985 3074 1004 3123 ι.
1013 3086 1039 3124 c.
1048 3088 1073 3136 p.
1083 3073 1100 3123 8
1110 3073 1178 3124 dicit
1194 3070 1404 3124 commemorari
1421 3070 1449 3120 ln
1462 3071 1598 3122 bernardi
1608 3053 1822 3136 blouteialcouil
1834 3068 1939 3137 llibllo-

605 3148 614 3157 '
721 3150 804 3203 lbeca
823 3154 1064 3211 bibliothecarum:
1084 3172 1111 3224 p.
1127 3158 1183 3209 it:
1205 3156 1357 3209 Macrobioe
1373 3155 1406 3206 dc
1421 3155 1502 3207 lanae
1520 3173 1598 3208 cursa
1610 3159 1780 3227 persignata
1797 3154 1942 3227 tonitranlc

721 3232 772 3301 (ex
790 3239 853 3291 bibl.
872 3245 989 3310 reginae
1005 3238 1125 3299 Suebiae
1144 3245 1173 3297 io
1193 3245 1332 3297 Vaticano
1351 3242 1534 3308 uum-1259.)
1561 3247 1591 3294 ct
1612 3258 1639 3307 p:
1656 3245 1715 3295 ela
1740 3242 1892 3295 Macrobius
1908 3241 1941 3292 de

721 3338 800 3378 cursa
828 3327 909 3381 tuaac
934 3337 960 3384 et
983 3331 1082 3384 tenura
1101 3329 1152 3398 (cx
1174 3330 1239 3382 bibl.
1263 3327 1416 3381 Alexandri
1436 3326 1546 3379 Petavil
1577 3329 1815 3381 invaderem.
1839 3327 1889 3377 lbi
1911 3330 1941 3377 et

721 3408 805 3477 lta),
821 3427 856 3465 ea
870 3416 1017 3481 supposita
1033 3429 1100 3468 csse
1119 3415 1284 3481 putaverim.
1312 3417 1407 3478 Neque
1424 3413 1515 3477 magis
1533 3414 1680 3465 exstitisse
1698 3400 1864 3466 crediderim
1879 3414 1942 3461 bla-

722 3497 812 3548 crobil
827 3499 917 3553 libros
936 3502 1156 3568 mathematicos,
1172 3515 1335 3567 quamquam
1353 3499 1591 3551 Mouteialconius
1610 3502 1629 3551 l.
1647 3515 1672 3552 c.
1691 3503 1747 3554 vol.
1764 3502 1801 3551 Il.
1817 3515 1844 3564 p.
1863 3497 1940 3561 laec,

721 3581 755 3633 li.
772 3581 800 3631 ιιι
818 3584 986 3638 bibliotheca
1001 3588 1083 3651 regia
1100 3588 1269 3639 Taurluensl
1287 3586 1397 3637 servam
1415 3586 1491 3637 dicat
1508 3587 1634 3639 codicem
1654 3590 1700 3653 qni
1716 3588 1871 3651 inscriptus
1889 3586 1940 3636 sit:

723 3662 764 3715 ts
783 3670 966 3722 matematicbe
986 3671 1015 3722 da·
1035 3672 1171 3724 Mocrodio
1186 3672 1303 3723 trudone
1320 3671 1357 3721 dn
1372 3670 1469 3724 inemo
1488 3673 1557 3723 collo
1577 3674 1712 3741 posicioae
1735 3671 1812 3741 [coll'
1831 3671 1942 3735 esposi-

722 3746 841 3818 aloue‘i]
864 3769 913 3821 per
935 3755 957 3806 il
978 3755 1033 3808 loro
1055 3772 1111 3808 oso.
1145 3758 1269 3820 Namque
1286 3755 1397 3808 videtur
1413 3758 1459 3821 qul
1475 3759 1547 3809 bunc
1567 3759 1665 3810 librum
1686 3759 1802 3824 scripsit
1820 3759 1943 3809 vertisse

723 3837 807 3898 atquc
828 3839 989 3902 explicasse
1012 3853 1084 3905 quae
1107 3841 1270 3893 Macrobius
1288 3841 1392 3894 comm.
1411 3843 1434 3909 l,
1453 3845 1479 3909 d,
1497 3844 1512 3893 d
1531 3857 1591 3909 sqq.
1613 3848 1698 3897 docet
1721 3848 1756 3896 de
1773 3846 1941 3909 corporibus

723 3923 939 4059 matlllematlois,
968 3930 1015 3980 vel
1038 3940 1110 3993 quae
1133 3928 1161 3994 l,
1179 3928 1227 3994 tt),
1244 3927 1261 3979 8
1280 3940 1340 3994 sqq.
1364 3929 1398 3979 de
1422 3929 1495 3981 solis
1515 3934 1545 3981 et
1561 3932 1646 3984 lunae
1663 3931 1869 4000 magnitudine,
1897 3931 1942 3982 vel

725 4006 775 4059 sin
788 4009 836 4062 lla.

1132 4271 1537 4282 ...Μ

1059 4478 1266 4567 curor
1314 4480 1615 4569 ruiturum.
1652 4613 1656 4618 ἡ
1721 4486 1729 4502 ·

840 4654 899 4721 ΒΕ
928 4655 1131 4728 SERMONE
1160 4660 1216 4725 ΕΤ
1245 4658 1584 4728 ORTHOGRAPHIA
1609 4657 1831 4727 Macrobii.

794 4776 815 4826 1.
849 4765 1060 4844 compositione
1077 4795 1165 4845 supra
1182 4784 1406 4837 saturnaliorum
1423 4786 1569 4839 illustrata
1584 4784 1703 4836 vidimus
1720 4784 1748 4834 id
1767 4782 1866 4848 egisse
1883 4783 1946 4832 Ma·

727 4861 866 4931 crobium,
892 4869 998 4917 utnon
1016 4869 1111 4919 rudem
1130 4868 1353 4937 indigestamque
1374 4873 1473 4923 molem
1492 4873 1681 4937 congereret,
1708 4872 1759 4921 sed
1779 4869 1873 4920 omnia
1890 4873 1946 4920 tam

727 4957 780 4996 aua
796 4961 876 5010 quam
894 4948 928 5001 ab'
948 4952 1012 5003 aliis
1030 4952 1217 5016 scriptoribus
1240 4956 1328 5017 petita
1347 4957 1491 5021 redigeret
1511 4956 1539 5006 ιιι
1560 4968 1665 5018 corpus
1685 4957 1837 5021 quoddam,
1861 4955 1946 5022 quod,

727 5030 811 5081 etiam
828 5033 853 5083 si
876 5037 990 5088 multum
1006 5040 1172 5090 abhorreret
1194 5052 1212 5092 a
1233 5043 1390 5104 praeclaris
1407 5042 1465 5093 illis
1483 5044 1658 5094 Graecorum
1676 5045 1705 5092 et
1721 5054 1826 5094 aureae
1842 5053 1947 5106 argen-

727 5119 846 5181 teaeque
862 5122 965 5174 aetatis
983 5126 1169 5189 Romanorum
1186 5126 1282 5194 libris,
1304 5128 1424 5192 aliquan
1443 5131 1536 5179 tannen
1553 5141 1650 5180 eorum
1668 5130 1798 5181 servaret
1815 5126 1947 5178 similitu-

728 5202 828 5255 dinem.
862 5207 936 5260 idem
951 5210 1011 5263 iere
1028 5211 1172 5266 dicendum
1187 5217 1232 5265 est
1249 5216 1284 5266 de
1300 5215 1362 5266 eiua
1385 5226 1523 5267 sermone.
1559 5214 1703 5268 Communi
1726 5213 1860 5277 temporis
1882 5214 1946 5268 laba

729 5301 791 5343 eum
806 5290 937 5349 affectum
954 5310 1020 5351 esse
1041 5311 1123 5352 nemo
1140 5300 1302 5368 negaverit:
1332 5300 1384 5352 aed
1401 5301 1494 5352 tamen
1510 5302 1628 5365 apparet
1643 5298 1766 5353 ιιιιιιιιι
1782 5297 1881 5363 prisea
1896 5297 1947 5349 ills
