5092 6425
876 890 1137 963 EXGERPTUM
1157 885 1508 957 MATHEMATIGUM
1528 888 1552 952 1.
1735 885 1800 953 22³

571 1094 582 1128 ῃ
627 1068 715 1136 portio
731 1074 796 1120 nota
807 1066 904 1132 suerit,
922 1071 947 1117 et
966 1078 1089 1116 mensura
1105 1060 1361 1114 sollertissumus·
1379 1073 1464 1127 supra
1478 1058 1577 1111 dietam
1594 1058 1717 1128 regulam
1735 1065 1800 1112 nota

571 1179 577 1211 ι
629 1153 689 1205 erit.
724 1153 761 1204 Et
780 1150 813 1201 de
830 1149 973 1202 altitudine
989 1147 1094 1216 quidem
1117 1144 1263 1198 aolisbaec
1282 1145 1462 1213 adpraesens
1480 1143 1553 1197 dicta
1573 1143 1635 1195 sint.
1671 1143 1749 1196 Nunc
1768 1143 1801 1196 de
1816 1158 1851 1208 34

571 1250 581 1299 1*
626 1235 804 1304 perquirenda
823 1232 1012 1303 magnitudine
1037 1229 1133 1283 solaris
1152 1229 1229 1299 globi
1250 1236 1277 1283 et
1296 1228 1426 1281 diametro
1449 1229 1506 1280 eius
1530 1227 1688 1294 subsequens
1714 1243 1798 1279 sermo

571 1350 579 1383 1
629 1321 764 1372 exordium
784 1319 872 1371 sumit.

699 1405 750 1456 Die
772 1399 961 1469 aequinoctiali
985 1405 1048 1451 ante
1069 1399 1133 1450 solis
1153 1405 1239 1451 ortum
1260 1396 1425 1451 cosmimetra
1446 1413 1495 1448 vas
1519 1395 1716 1464 horoscopicam
1741 1412 1799 1448 cum
1815 1412 1850 1461 35

628 1489 705 1541 certis
721 1488 848 1538 horarum
865 1484 1014 1537 interstitiis
1029 1483 1168 1553 signatum
1183 1497 1315 1552 gnomone
1330 1480 1450 1532 adbibito
1467 1482 1507 1532 ita
1525 1482 1666 1549 disposuit,
1696 1488 1726 1534 ut
1740 1480 1800 1549 pri·

627 1590 698 1625 mum
720 1570 879 1640 emergentis
901 1569 963 1619 solis
984 1568 1091 1619 radium
1114 1568 1190 1620 stilus
1213 1566 1344 1634 excipiens
1366 1565 1485 1616 umbram
1505 1565 1533 1616 in
1554 1566 1701 1633 oppositum
1722 1580 1801 1633 super

625 1657 741 1724 primam
758 1656 856 1706 lineam
872 1653 976 1720 primae
992 1651 1073 1703 lsorae
1090 1651 1198 1704 limitem
1213 1651 1365 1719 signantem
1383 1648 1527 1718 dirigeret,
1543 1648 1665 1716 locusque
1681 1651 1738 1718 ipse
1754 1651 1802 1719 qui

625 1741 741 1808 primvm
759 1739 868 1790 umbrae
891 1735 1020 1786 uenientis
1042 1736 1179 1788 adtactum
1200 1735 1301 1803 eacepit
1320 1741 1400 1786 notae
1419 1733 1587 1801 impressione
1606 1733 1731 1802 signatus
1752 1743 1800 1799 est,

627 1826 833 1888 observaturque
849 1821 994 1889 diligenter
1010 1826 1049 1871 est
1063 1835 1206 1887 procursus
1220 1818 1338 1883 umbras,
1353 1819 1434 1870 donec
1448 1818 1513 1869 solis
1529 1818 1599 1869 orbis
1614 1823 1686 1871 totus
1701 1819 1735 1869 ab
1750 1819 1799 1872 bo·

624 1910 727 1959 ricontc
750 1907 790 1957 ita
809 1904 915 1972 integer
937 1904 1096 1966 emersisset,
1128 1910 1158 1955 ut
1180 1903 1268 1955 adlsuc
1284 1902 1339 1955 ima
1358 1903 1497 1954 summitas
1517 1901 1649 1955 boriaonti
1665 1903 1798 1955 videretur
1911 1938 1921 1957 .

627 1992 757 2043 insideres
791 1995 816 2041 et
834 1988 906 2040 locus
923 2003 998 2053 quem
1014 1995 1077 2039 turso
1095 1989 1189 2040 umbra
1206 1987 1239 2040 de
1255 1987 1317 2039 stilo
1334 1987 1432 2038 cadens
1447 1986 1587 2053 occupavit
1603 1994 1721 2051 notatus,
1745 1987 1796 2039 lsa-
1814 2000 1848 2049 aa
1914 2004 1917 2011 ’

626 2076 733 2142 bitaque
751 2073 911 2124 dimensione
928 2072 997 2124 inter
1011 2071 1126 2140 primam
1144 2079 1169 2123 et
1184 2071 1327 2124 secundam
1340 2071 1449 2123 umbrae
1462 2078 1562 2135 notans,
1579 2087 1649 2136 quae
1663 2072 1798 2140 integrum

625 2159 690 2211 solis
707 2159 806 2222 orbern,
836 2157 885 2209 lrvc
901 2163 940 2209 est
958 2156 1129 2219 diametrum,
1150 2163 1233 2208 natas
1249 2156 1283 2206 ds
1299 2154 1404 2206 duabus
1419 2154 1477 2205 eius
1493 2155 1688 2207 summitatibus
1704 2157 1797 2208 metie-

626 2246 736 2305 bantur,
766 2241 873 2293 inventa
888 2248 1005 2308 estpars
1020 2256 1092 2291 nona
1110 2240 1167 2292 eius
1183 2239 1280 2308 spatii,
1311 2239 1382 2306 quod
1398 2238 1467 2290 inter
1479 2237 1595 2306 primum
1613 2245 1639 2291 et
1655 2240 1797 2292 secudum

625 2327 733 2378 limitem
750 2326 853 2394 primas
870 2325 951 2377 lrorae
968 2324 1157 2376 continebatur.
1214 2322 1289 2375 Unde
1310 2329 1409 2375 certum
1431 2331 1482 2387 est,
1515 2322 1586 2389 quod
1602 2339 1684 2374 ussorn
1702 2323 1796 2391 acqui·
1813 2335 1848 2385 31

624 2411 764 2462 noctialem
781 2410 873 2460 boram
890 2409 1025 2477 integram
1037 2408 1129 2473 faciat
1145 2407 1241 2459 solaris
1257 2407 1327 2458 orbis
1346 2407 1437 2458 novies
1453 2407 1580 2474 repetitus
1598 2423 1726 2459 accessos.
1762 2409 1800 2461 Et

625 2495 688 2563 quia
706 2500 789 2546 totum
814 2493 934 2545 caelestis
951 2492 1065 2544 ambitus
1084 2491 1306 2560 lsrmirplsaerium
1322 2490 1461 2543 duodecim
1477 2491 1593 2559 integrir
1613 2491 1686 2543 lsoris
1703 2492 1797 2558 aequi-

623 2579 782 2631 noctialibus
802 2577 961 2642 involvitur,
997 2583 1053 2628 tota
1077 2584 1165 2628 autem
1190 2576 1306 2643 spbaera
1330 2575 1447 2627 XXIIII
1469 2575 1541 2627 boris
1566 2575 1799 2645 circumagitatur,

626 2663 742 2714 XXllll
757 2679 819 2713 vero
837 2679 929 2714 novem
950 2659 1093 2729 uuicuique
1110 2661 1181 2713 dalis
1197 2660 1303 2712 ducenti
1318 2658 1430 2711 sedecim
1448 2659 1623 2727 complentur,
1652 2661 1717 2712 solis
1736 2661 1798 2713 dia·

622 2754 718 2799 metros
734 2747 778 2798 sui
796 2747 889 2797 circuli
903 2746 1082 2797 ducenterima
1098 2753 1172 2798 scuta
1195 2744 1297 2796 decima
1312 2760 1378 2812 pars
1394 2743 1541 2796 necessario
1558 2753 1729 2811 consequente
1748 2763 1797 2798 ra·

621 2832 694 2883 tione
715 2832 828 2899 probata
851 2837 898 2883 est.
935 2831 973 2882 Iit
990 2831 1013 2881 si
1030 2819 1073 2882 cui
1089 2830 1154 2882 boec
1170 2830 1240 2883 ratio
1261 2832 1378 2894 sortasse
1398 2828 1529 2880 vacillare
1547 2828 1673 2881 rideatur
1687 2838 1796 2899 propter
1812 2839 1848 2888 ³3

622 2922 719 2967 motum
737 2916 801 2966 solis
819 2932 848 2966 eo
866 2915 936 2981 quod
953 2915 982 2964 in
995 2915 1124 2968 ulteriora
1142 2916 1199 2967 sine
1214 2914 1358 2966 comotione
1372 2914 1548 2982 progrediens
1565 2915 1699 2983 ampliori,
1716 2932 1797 2983 quam

623 2999 760 3065 quantitas
779 3015 828 3048 sua
846 3000 971 3065 erigeret,
989 2999 1017 3048 in
1036 3006 1096 3050 ortu
1114 3015 1161 3050 suo
1179 3015 1252 3049 mora
1269 3013 1419 3048 mensuram
1431 2998 1566 3063 fefellisse
1583 2999 1714 3065 credatur,
1732 3009 1794 3069 pot·

623 3089 662 3132 est
678 3098 725 3149 per
740 3081 918 3148 astrolapsum
933 3080 1013 3132 buius
1030 3082 1070 3133 rei
1086 3081 1367 3149 certissimumcapere
1389 3081 1601 3146 experimentum.
1635 3085 1795 3153 Emergente
1811 3093 1846 3142 39

622 3165 686 3217 solis
702 3164 815 3233 spbaera
834 3172 859 3217 et
877 3164 1006 3217 insidente
1023 3163 1110 3216 adbuc
1127 3163 1271 3216 horizontis
1288 3163 1409 3232 margini
1423 3163 1448 3215 ri
1463 3163 1549 3231 ipsum
1568 3166 1745 3220 mediclinium
1759 3169 1796 3221 ad

623 3252 679 3301 eius
697 3250 873 3301 summitatem
895 3250 1022 3303 levaverit
1044 3256 1069 3302 et
1091 3248 1196 3318 gradus
1219 3248 1266 3315 qui
1287 3246 1418 3299 subterius
1439 3264 1522 3316 supra
1542 3250 1720 3303 mediclinium
1742 3270 1794 3321 ap·

620 3335 775 3402 parented
800 3340 882 3385 totum
904 3334 1080 3401 quadrantem
1103 3332 1310 3400 comparaverit,
1341 3347 1400 3382 eam
1424 3348 1525 3400 quoque
1548 3333 1617 3385 inter
1637 3335 1796 3389 diametrum

621 3419 685 3470 solis
701 3425 726 3470 et
738 3417 830 3469 circuli
845 3417 1022 3485 quadrantem
1038 3434 1093 3469 esse
1107 3417 1204 3470 dicerit
1219 3415 1422 3483 proportionem.
1459 3416 1596 3470 Diametro
1612 3420 1708 3471 solaris
1720 3421 1796 3489 globi
1810 3428 1846 3478 40

621 3504 727 3554 invento
748 3501 852 3553 ratione
870 3502 962 3553 circuli
981 3502 1118 3570 quantitas
1135 3501 1204 3552 orbis
1220 3500 1277 3552 eius
1291 3499 1376 3563 facile
1397 3502 1578 3569 cognoscitur,
1609 3502 1634 3555 si
1653 3505 1796 3558 seeundum

621 3586 817 3655 supradictam
835 3586 958 3655 regulam
975 3586 1152 3656 triplicationi
1168 3585 1293 3637 diametri
1308 3583 1421 3652 septima
1435 3600 1502 3652 pars
1517 3586 1671 3641 adiicietur.
1724 3590 1793 3642 Dia·
1810 3597 1842 3647 41

621 3678 716 3723 metros
734 3677 822 3721 autem
837 3670 910 3734 solis,
923 3670 986 3738 quia
1002 3670 1140 3722 verissima
1156 3669 1260 3722 ratione
1277 3668 1374 3720 solaris
1390 3668 1485 3720 circuli
1497 3670 1725 3734 circumferentias
1742 3676 1795 3727 du·

620 3755 761 3807 centesima
779 3761 854 3806 senta
870 3756 972 3807 decium
985 3771 1053 3823 pars
1068 3755 1182 3822 probata
1200 3760 1251 3814 est,
1273 3760 1361 3805 terrae
1379 3751 1526 3807 diametron
1542 3756 1655 3809 multum
1670 3759 1794 3812 recedere

619 3838 733 3903 uidetur,
747 3839 808 3890 licet
824 3845 912 3891 tamen
930 3839 967 3891 ad
985 3839 1122 3907 duplarem
1139 3838 1335 3908 proportionem
1352 3837 1507 3892 nullatenus
1522 3848 1666 3911 exsurgat:
1693 3843 1794 3896 XXlll
1809 3853 1844 3901 η

620 3924 725 3974 milibus
742 3923 839 3975 rtadiis
856 3930 881 3976 et
898 3940 927 3976 eo
945 3925 1061 3993 amplius
1078 3924 1166 3978 minus
1183 3924 1297 3977 eontinet
1314 3923 1371 3977 eius
1388 3922 1484 3993 duplo,
1503 3927 1625 3992 quamvis
1642 3927 1793 3981 Macrobius

653 4159 696 4205 35.
732 4155 783 4208 Die
801 4142 992 4224 aequinoctiali
1012 4157 1076 4225 ela]
1100 4156 1182 4211 Geni.
1231 4156 1319 4209 (bron.
1338 4157 1409 4209 orior
1426 4164 1451 4209 et
1470 4158 1499 4209 in
1517 4166 1578 4211 ortu
1594 4176 1656 4225 suo,
1686 4162 1792 4219 additis

619 4223 744 4275 blnervb.
763 4223 869 4275 Conna.
888 4225 911 4286 1,
930 4228 974 4287 20,
992 4228 1104 4290 26nqq.
1175 4244 1176 4247 ¹
1233 4223 1328 4276 vorbis
1347 4223 1415 4289 „Sic
1432 4224 1507 4277 bis.“

651 4291 796 4358 horizonte]
826 4291 896 4343 Edd.
917 4294 1034 4345 orizonte
1056 4301 1085 4345 et
1106 4293 1182 4346 iairu
1265 4294 1309 4343 40.
1343 4289 1435 4359 supra]
1458 4292 1530 4357 ill.
1735 4317 1737 4322 ·

619 4360 741 4411 oriaonti.
1263 4362 1308 4409 41.
1342 4360 1499 4427 diametron]
1518 4359 1587 4412 ΕΜ.
1606 4361 1757 4415 diametros.

652 4444 695 4492 36.
729 4440 898 4509 dimensione]
926 4441 995 4505 „Sic
1018 4444 1071 4495 Me.
1098 4460 1132 4496 ee
1155 4444 1180 4497 si
1263 4430 1307 4477 ⁴⁹·
1348 4427 1448 4478 nm
1479 4426 1595 4496 ἀίω]
1630 4428 1739 4498 ScPlini
1774 4450 1791 4484 θ

617 4510 707 4559 vellet
738 4511 884 4562 dimensino
913 4519 958 4562 est.
995 4511 1179 4565 scribendum
1230 4492 1390 4576 albini&
1411 4494 1580 4549 ‘mmm-
1615 4496 1743 4565 Naum
1765 4501 1791 4553 'l

619 4577 787 4629 dimensione.
822 4579 864 4628 Ad
892 4580 1009 4630 verbum
1032 4579 1104 4632 haee
1131 4581 1180 4633 do·
1230 4563 1687 4642 ff⁰¹f⁸⁰d¹⁸m⁰²¹⁰⁸⁰⁸²⁸⁰¹⁸¹bi
1709 4568 1791 4634 “fidu

616 4651 730 4712 sumpts
748 4662 781 4696 ex
799 4645 1055 4713 usercensem,
1076 4651 1178 4700 nucu
1230 4645 1256 4680 ¹·
1301 4647 1437 4682 numeru·
1489 4632 1651 4699 duellem·
1702 4634 1792 4689 efficis

617 4713 710 4765 (laun.
727 4740 760 4752 -
777 4714 894 4765 Videtur
911 4714 1069 4767 Gronovius
1087 4715 1116 4767 iu
1133 4734 1180 4768 co·
1230 4699 1375 4765 ¹⁶⁰³⁶³ii=
1409 4698 1487 4751 ⁸⁰¹5·
1503 4700 1672 4754 dimam!
1697 4703 1721 4755 eb
1745 4722 1791 4757 ee·

616 4780 680 4833 ἀίω
700 4797 751 4833 ,uo
772 4781 880 4849 [ΨΜ
900 4782 1027 4835 dmm„
1047 4789 1076 4849 ἑ,
1100 4790 1129 4838 „q
1150 4784 1179 4837 q„
1229 4766 1351 4817 eundum
1369 4767 1493 4819 auctoris
1515 4768 1651 4822 rationu·
1675 4788 1791 4839 compn-

616 4849 797 4902 adnotstione
816 4850 967 4917 scripsisse
986 4852 1113 4904 dimensio
1131 4860 1179 4907 ost.
1229 4838 1335 4897 “¹⁰¹⁰'’
1361 4839 1406 4885 m
1427 4837 1628 4905 ¹4¹4³¹rbbb³s
1652 4844 1685 4892 ¹¹3
1706 4839 1790 4892 diffit-

615 4934 921 5054 &1133qu
952 4923 1026 5001 „u
1229 4900 1589 5025 :servirent
1608 4905 1788 5035 titre

649 5071 807 5139 necessario]
824 5069 896 5122 Edd·
915 5070 1048 5123 necessari
1053 5086 1080 5121 a.
1228 5035 1693 5161 kuffoo’uzl'fflaeffufflffiffim
1704 5043 1789 5161 ‘iffi'

649 5153 763 5219 Pi⁰b⁰i⁰
780 5154 830 5221 ⁰⁸¹]
847 5153 890 5206 Cf·
908 5154 935 5221 bi
952 5159 969 5207 5
985 5161 1014 5208 ⁰⁸
1027 5158 1070 5206 4¹·
1105 5152 1177 5206 EM·
1229 5171 1320 5225 sontis
1337 5178 1382 5226 est
1394 5178 1523 5244 &3634sp
1540 5203 1575 5214 -
1592 5177 1623 5228 la
1642 5146 1684 5230 eri.
1701 5177 1787 5228 Gran.

613 5222 766 5286 probatum
783 5229 830 5273 ev.
1228 5239 1336 5307 legitur
1361 5242 1508 5295 Luxu
1527 5243 1656 5306 metiscus,
1692 5242 1720 5297 sn
1744 5246 1787 5298 ss.

648 5306 692 5354 ³8.
727 5305 857 5373 erigeret,
880 5306 910 5358 in
931 5315 991 5361 orta
1015 5306 1072 5374 suo]
1100 5305 1175 5361 Edit.
1227 5308 1622 5365 zeon.1.xt.trmtlltvus.
