5092 6425
1177 855 1314 926 cithu
1335 857 1390 926 IV.
1834 889 1887 936 uu

662 1025 812 1080 historiole
835 1026 900 1079 lint.
922 1027 987 1094 tlh,
1012 1038 1043 1092 p.
1067 1025 1145 1079 itia
1176 1028 1387 1097 5„diaconilia
1408 1031 1544 1096 punicu
1569 1033 1653 1085 hahet
1670 1041 1742 1098 quae
1759 1048 1818 1089 non
1836 1039 1888 1092 du·

661 1115 736 1165 hium
751 1111 819 1178 pain
835 1125 874 1164 ex
893 1113 992 1164 solino
1008 1113 1209 1180 exscripserit,
1234 1124 1331 1178 nempe
1349 1115 1400 1167 illa
1417 1117 1453 1168 de
1471 1129 1604 1169 annornm
1626 1119 1766 1173 divisione
1782 1129 1811 1174 et
1827 1125 1888 1177 dle·

660 1202 715 1251 hun
730 1197 1009 1251 intercalarihua.““
1042 1199 1168 1251 l’etrus
1186 1197 1347 1251 crinitus
1363 1200 1448 1264 epist.
1464 1204 1501 1254 ad
1519 1205 1671 1256 Alexandr.
1688 1206 1810 1258 sarlium
1828 1208 1887 1273 (in-

662 1288 707 1336 ter
731 1284 871 1348 epistolas
894 1285 976 1349 Aug.
997 1280 1171 1336 Politianl
1193 1284 1241 1336 lit.
1263 1284 1324 1337 xli.
1348 1298 1393 1350 ep.
1411 1287 1455 1339 tt.
1473 1302 1501 1351 p.
1515 1301 1553 1340 m.
1572 1289 1659 1354 ⁴⁹⁵·)=
1682 1292 1887 1358 „„lngratitu·

661 1371 737 1422 dinis
759 1370 830 1420 vitio
853 1367 995 1431 dapibus
1016 1369 1142 1433 partlm
1165 1370 1397 1422 emendicatis
1417 1373 1544 1435 partlm
1566 1377 1760 1429 subiunctis
1778 1392 1886 1433 coenas

661 1468 730 1507 suas
747 1453 939 1506 instrmlt.““
972 1454 1096 1505 Franc.
1109 1456 1244 1507 lindius
1256 1469 1303 1519 ep.
1317 1457 1392 1508 vlll.
1414 1459 1578 1510 Lectionum
1595 1462 1762 1526 Noraathu.
1782 1478 1807 1527 p.
1826 1466 1885 1518 eon

661 1541 740 1606 ‚„‚ln
762 1539 910 1590 liacrohio
938 1539 1080 1602 scriptore
1104 1539 1180 1591 intra
1204 1540 1425 1593 mediocritatem
1447 1545 1536 1610 hono,
1555 1557 1611 1594 non
1633 1549 1707 1598 malo
1736 1554 1829 1614 certo,
1853 1551 1885 1604 si

660 1625 773 1690 plagii
795 1624 875 1676 elue
891 1625 982 1676 fama
998 1637 1066 1676 non
1084 1626 1283 1691 vapularet,
1308 1628 1378 1678 haec
1395 1634 1495 1680 notata
1513 1629 1650 1680 mitto.““
1684 1634 1753 1685 lan.
1770 1636 1885 1691 Douaa

660 1724 687 1761 c.
705 1711 732 1760 9.
750 1709 876 1774 praecid.
892 1709 921 1760 in
936 1709 1051 1760 Petron-
1066 1711 1171 1762 drhitr.
1184 1725 1211 1774 p.
1227 1725 1262 1763 m.
1279 1713 1357 1764 dih:
1378 1714 1564 1782 „„0mnlum‚
1581 1716 1681 1785 inqiut,
1698 1719 1885 1776 disertissime

660 1798 786 1848 loannes
801 1794 1023 1846 aanmorlonsis
1038 1797 1102 1861 (lv,
1118 1797 1169 1863 t.),
1185 1811 1243 1849 non
1262 1799 1369 1862 paridem
1388 1802 1423 1852 de
1436 1813 1489 1851 suo
1507 1800 1550 1865 (ld
1564 1804 1637 1866 quod
1655 1805 1819 1858 corniculae
1834 1807 1885 1860 ledi

661 1893 724 1932 curn
742 1879 941 1932 inrtorlhue
957 1880 1192 1950 semiprincis,
1210 1885 1309 1935 solino
1325 1889 1399 1949 puta,
1414 1887 1571 1953 macrobio,
1585 1888 1696 1942 isidoro
1718 1896 1802 1956 atque
1817 1893 1884 1944 allia

661 1968 819 2019 eiusdem
835 1964 975 2017 farinae
992 1966 1290 2033 mangonibus).““
1317 1970 1543 2024 homoousio
1564 1985 1608 2037 ap.
1628 1976 1708 2027 (init.
1728 1979 1775 2029 ΙΙΙ.
1800 1982 1884 2030 bam·

660 2055 725 2116 pad.
741 2068 769 2117 p.
788 2051 864 2103 lida
891 2062 1026 2118 „„prope
1047 2060 1078 2104 nt
1100 2055 1191 2121 ahsit,
1217 2055 1283 2119 quin
1305 2055 1381 2106 illius
1403 2056 1493 2118 ipsius
1515 2060 1683 2122 rhapsodl
1704 2063 1884 2132 (Macrobii),

661 2140 761 2192 cuiue
778 2139 851 2190 alia
867 2137 1048 2189 etiannum
1067 2141 1195 2192 scimur
1214 2141 1356 2205 flagitia
1375 2148 1520 2193 restare
1538 2143 1709 2210 ingentia,
1736 2153 1884 2210 peccatum

662 2237 732 2276 ease
753 2225 853 2276 dehent
873 2222 1088 2274 existimari.““
1121 2227 1320 2278 Bassianus
1340 2229 1443 2277 band.
1465 2228 1512 2278 llb.
1530 2229 1567 2278 ll.
1593 2232 1675 2280 Anat.
1697 2244 1725 2293 p.
1743 2235 1794 2283 ult.
1820 2237 1884 2300 „Ex

664 2323 721 2374 quo
748 2309 934 2373 planissimum
961 2312 1008 2359 est
1035 2309 1145 2361 ducum
1173 2315 1330 2362 autorum
1355 2312 1528 2364 hlacrohlum
1553 2315 1733 2366 vehementer
1758 2328 1883 2381 errasse,

664 2397 740 2458 quod
763 2395 838 2446 iader
852 2394 986 2445 intestina
1002 2395 1200 2447 mesenterium
1217 2392 1345 2446 retulit.“
1380 2396 1529 2448 Conrad.
1548 2400 1884 2463 liereshachpraeiat.

662 2481 699 2530 ad
717 2481 842 2530 lectores
858 2480 992 2531 librorum
1011 2492 1124 2532 auorum
1144 2483 1179 2532 de
1197 2493 1229 2532 re
1248 2486 1319 2533 rust.
1335 2479 1399 2537 *ht
1417 2483 1591 2547 ‚‚‚‚(loelinm
1602 2483 1814 2551 (Rhodiglnum)
1829 2501 1885 2552 op·

662 2565 820 2617 timorum
843 2571 1000 2618 autorum
1025 2568 1136 2618 lucum
1160 2567 1359 2620 conviciantur
1379 2569 1488 2633 quidam
1511 2569 1594 2633 (lecit
1615 2571 1668 2620 hoc
1684 2572 1817 2622 llohanus
1834 2573 1883 2625 cit.

660 2651 765 2716 Magio.
786 2663 919 2716 eponym.
940 2651 1004 2703 crlt.
1028 2666 1055 2715 p.
1078 2651 1163 2717 itia).
1197 2655 1256 2704 Neo
1283 2656 1384 2706 desunt
1407 2655 1454 2718 qui
1477 2656 1574 2706 eodem
1598 2654 1713 2706 crimine
1735 2658 1884 2710 traducunt

659 2737 849 2804 macrobium,
881 2748 943 2789 cunr
967 2742 1059 2789 tamen
1082 2737 1149 2788 illos
1173 2751 1269 2789 ornnes
1295 2742 1329 2791 de
1354 2740 1435 2812 honis
1457 2739 1549 2791 literle
1574 2741 1645 2790 hene
1663 2740 1779 2792 meritoa
1798 2743 1883 2796 fateri

659 2823 850 2887 cogamur.‘⁴“
879 2851 915 2862 -
939 2823 1094 2875 Praeterea
1110 2823 1346 2888 lileronymus
1363 2824 1595 2876 Mercurialis
1616 2826 1728 2878 variar.
1751 2830 1883 2882 [lection.

657 2910 777 2973 (venet.
794 2909 990 2976 Millicvlll.)
1008 2910 1057 2961 lih.
1073 2910 1123 2961 lli.
1143 2923 1205 2973 cap.
1222 2913 1262 2961 ha
1279 2910 1476 2977 ‚,hiacrohius,
1496 2910 1594 2976 lnquit,
1611 2911 1658 2974 qni
1679 2915 1766 2963 totum
1783 2916 1883 2966 satior-

657 2994 796 3044 naliorum
815 3006 930 3047 suorum
945 2997 1089 3061 septimum
1106 2997 1205 3047 llhrum
1224 3009 1260 3046 ex
1279 2995 1473 3059 Symposiacis
1490 2997 1633 3048 Plutarchi
1651 2999 1821 3049 verbotenus
1837 3001 1883 3050 th-

657 3083 738 3130 ratus
754 3079 831 3130 illiue
846 3094 984 3145 nunquam
1001 3082 1167 3133 mentionem
1182 3082 1265 3148 tecit,
1283 3082 1310 3132 si
1325 3095 1343 3133 a
1360 3082 1442 3133 nohis
1460 3081 1596 3133 interdum
1613 3084 1803 3151 damnabitur,
1820 3099 1882 3138 erin

658 3165 928 3231 ingratitudinis
956 3179 1040 3220 nnnc
1066 3169 1175 3221 dehita·
1203 3169 1282 3220 luere
1308 3181 1417 3232 poenas
1446 3168 1529 3233 aequi
1558 3168 1666 3220 iudices
1694 3170 1881 3223 clamabunt.“

657 3252 688 3301 ln
715 3252 842 3305 llahrtoli
868 3254 1041 3305 Bibliotheca
1064 3255 1168 3306 Latina
1192 3257 1250 3306 rol.
1277 3255 1326 3305 lll.
1352 3269 1380 3318 p.
1407 3255 1468 3305 182.
1495 3255 1540 3305 ed.
1566 3256 1634 3304 Ero.
1663 3255 1768 3306 citatur
1797 3256 1883 3308 etiam

660 3336 853 3389 Guilelmus
877 3342 1052 3393 seldenus
1082 3341 1555 3404 delihrlspag.1ot,1tdeeq.
1601 3339 1775 3390 lorianum
1796 3340 1883 3391 Pon-

659 3427 776 3474 tanum
796 3428 826 3475 ct
847 3426 1064 3491 scaligerum
1085 3432 1193 3490 patrem
1219 3424 1494 3477 commemorabimus
1516 3423 1599 3473 intra.
1644 3422 1719 3474 chr.
1739 3426 1772 3472 Δ.
1798 3426 1883 3477 lieu-

659 3520 802 3560 mannue
820 3510 850 3559 ln
866 3510 1029 3574 conspectu
1040 3513 1211 3576 reipublicae
1227 3511 1374 3563 literarlae
1392 3511 1516 3575 (Honor.
1530 3505 1722 3573 nlhccnlll.)
1740 3520 1803 3572 cap.
1820 3512 1881 3565 Vll.

658 3592 672 3658 ξ
692 3595 736 3645 ³9.
771 3596 945 3647 macrobium
963 3597 992 3647 ln
1007 3609 1102 3650 eorum
1119 3600 1209 3649 retent
1223 3609 1349 3663 nurnero,
1363 3595 1429 3663 „qui
1448 3597 1525 3646 totoa
1542 3593 1659 3673 aliorum
1677 3593 1767 3646 libror
1785 3595 1882 3650 inver-

659 3680 702 3730 aia
726 3681 858 3745 vestigila
882 3681 952 3740 caci
974 3683 1065 3734 instar
1083 3684 1234 3748 Virgiliani
1256 3684 1365 3734 laclnnt
1388 3678 1490 3732 anos.“
1526 3680 1616 3731 Etiam
1640 3680 1684 3731 lo.
1708 3684 1880 3736 hleursiue

658 3765 686 3815 in
709 3772 769 3817 not.
786 3768 822 3817 ad
841 3770 900 3818 sat.
914 3769 937 3833 l,
953 3768 981 3820 8.
1001 3769 1175 3823 Macrohiurn
1194 3773 1280 3821 vacat
1302 3768 1430 3819 simiam
1447 3766 1527 3818 dull
1544 3763 1666 3817 Gellii.
1700 3769 1813 3819 llahul
1831 3772 1882 3821 de·

657 3852 743 3915 nique
759 3853 779 3903 l.
798 3865 825 3903 c.
843 3853 872 3903 in
890 3867 925 3905 eo
944 3868 1005 3906 eum
1020 3861 1121 3907 conset
1141 3868 1207 3907 esse
1225 3855 1490 3919 reprehendendum,
1507 3852 1581 3916 quod
1601 3865 1658 3902 non
1676 3858 1755 3905 certa
1769 3856 1881 3909 ratione

657 3936 686 3987 in
701 3937 834 4001 operibus
851 3939 915 3989 ania
932 3942 1037 4007 utatur,
1052 3954 1142 4006 neque
1159 3943 1260 3993 luctam
1278 3954 1372 3993 rernm
1389 3938 1535 3990 continuet
1551 3936 1662 3987 seriem.

726 4025 835 4076 contra
851 4025 977 4077 homines
993 4027 1104 4090 quidum
1127 4027 1204 4077 docti
1226 4027 1318 4078 nimiis
1335 4038 1424 4089 paene
1441 4036 1504 4075 cum
1521 4020 1641 4072 ederent
1660 4024 1798 4077 laudibus.
1832 4028 1881 4079 dio

657 4110 815 4161 loannes
833 4110 958 4163 Rivius
982 4113 1011 4164 in
1033 4113 1157 4177 epistola
1180 4114 1215 4164 ad
1233 4114 1402 4176 Raphaelem
1419 4110 1554 4173 pictorem
1574 4106 1682 4169 scripta
1699 4122 1780 4171 quam
1797 4125 1882 4172 prac-

656 4195 733 4247 mislt
754 4196 823 4247 edit.
842 4199 969 4249 Venetae
989 4211 1016 4250 a.
1038 4201 1182 4251 hillidius
1212 4198 1371 4267 „Macrobii
1394 4194 1501 4246 Aurelii
1523 4191 1691 4258 Theodosii,
1720 4192 1824 4260 inquit,
1851 4196 1881 4247 ln

657 4283 801 4345 scipionia
822 4284 958 4336 somnium
979 4286 1088 4348 scripta
1108 4286 1196 4337 multo
1218 4286 1263 4350 (ut
1280 4283 1373 4347 aiunt)
1392 4291 1533 4345 papavere
1551 4290 1586 4329 ac
1604 4289 1745 4328 sansucoo
1764 4292 1880 4340 sparsa:

659 4401 687 4420 ..
705 4381 832 4421 necnon
848 4370 972 4422 eiusdem
990 4372 1138 4424 convivia:
1158 4372 1250 4422 olivas
1266 4373 1377 4435 inquam
1389 4368 1500 4419 Atticas
1518 4365 1724 4416 amarulentus:
1808 4378 1880 4429 opus

657 4456 797 4505 mehercle
820 4456 894 4506 omni
917 4470 988 4508 auro
1008 4458 1155 4521 liquidius:
1182 4458 1296 4520 purius:
1323 4455 1442 4507 clarius:
1464 4457 1492 4503 et
1510 4453 1572 4503 eine
1591 4463 1645 4515 quo
1664 4452 1801 4501 venetum
1818 4454 1882 4503 hia·

656 4552 770 4606 ronem,
801 4546 946 4604 poetamm
970 4545 1087 4595 omnium
1110 4542 1374 4607 eminentissimum,
1403 4540 1529 4601 (utalia
1552 4538 1690 4600 omittam)
1715 4551 1772 4589 non
1790 4540 1880 4603 magis

655 4625 780 4677 etudloel
808 4626 968 4693 intelligere
996 4633 1117 4693 possunt
1141 4643 1222 4694 quam
1249 4630 1321 4679 hene
1341 4628 1419 4677 olere
1444 4625 1492 4688 qui
1518 4624 1566 4674 diu
1587 4624 1616 4674 ln
1640 4624 1736 4675 culina
1761 4624 1884 4676 versam·

654 4710 734 4762 tur.“
769 4713 946 4766 arnoldus
971 4715 1196 4767 Vesaliensis
1217 4715 1246 4765 in
1269 4713 1392 4776 epistola
1418 4712 1454 4761 ad
1477 4711 1615 4761 lectorem
1644 4708 1703 4773 (ed.
1730 4709 1831 4761 colon.
1852 4723 1880 4762 a.

655 4797 846 4862 thXXVI.)=
877 4802 1060 4867 „llolninnns,
1084 4800 1187 4865 inquit,
1207 4797 1369 4865 aliquandiu
1383 4798 1474 4849 vicem
1490 4797 1562 4849 tanti
1578 4796 1703 4859 autoris,
1725 4798 1836 4859 tamque
1851 4796 1880 4846 ln

656 4883 732 4934 omni
756 4884 926 4937 eruditionis
951 4900 1058 4952 genere
1079 4886 1269 4951 praestantis3
1297 4882 1407 4936 mirifici
1424 4884 1532 4947 uiridem
1550 4885 1623 4935 oltra
1640 4894 1747 4933 omnem
1765 4886 1882 4932 contro·

656 4971 795 5038 versiam,
822 4971 852 5021 in
882 4973 1050 5024 coelestium
1078 4973 1185 5024 orbium
1211 4984 1326 5023 numero
1353 4971 1450 5023 ordine
1478 4974 1507 5022 et
1532 4974 1672 5021 concentu
1698 4966 1880 5029 explicandoe

656 5057 804 5121 praecipui
821 5057 850 5108 in
867 5058 1033 5110 Platonicae
1048 5058 1195 5109 doctrinae
1214 5058 1364 5119 prodendis
1379 5056 1535 5122 mysteriis,
1556 5056 1584 5106 ln
1605 5066 1752 5105 sacrorum
1770 5052 1881 5102 ratione

655 5144 795 5195 tradenda
814 5142 902 5207 anxii,
923 5143 952 5194 in
971 5148 1115 5207 poetarum
1131 5144 1333 5196 ohteotiorihus
1348 5144 1423 5195 locis
1441 5146 1471 5194 et
1488 5142 1642 5194 enodandis
1660 5138 1776 5204 gryphis
1795 5150 1882 5188 aecn-

654 5231 725 5298 ratl,
755 5231 785 5281 ln
807 5230 849 5282 ils
864 5229 984 5294 denique
1001 5232 1161 5298 universis,
1186 5243 1256 5296 quae
1275 5230 1322 5280 rel
1338 5230 1374 5280 ad
1391 5232 1510 5280 nautae
1528 5224 1706 5278 lascivientis
1725 5221 1881 5284 prodigium

657 5318 705 5369 vel
719 5318 757 5369 ad
773 5315 888 5370 humaui
903 5311 1011 5382 lngcirll
1028 5317 1149 5370 otiosam
1166 5316 1337 5383 diligentiam
1354 5314 1508 5379 pertinent,
1533 5320 1669 5375 nmquam
1684 5320 1742 5360 nen
1759 5306 1881 5358 dicum-
