5092 6425
845 896 982 966 COMM.
1003 896 1048 965 IN
1069 894 1197 965 SOMN.
1218 894 1317 962 SCIP.
1360 896 1435 961 LIB.
1457 896 1480 960 1.
1524 897 1613 965 GAP.
1634 902 1687 966 ΠΙ.
1804 900 1847 967 29

673 1068 731 1133 Est
745 1067 923 1152 proprium,
959 1065 1032 1150 quia
1050 1065 1088 1129 ad
1108 1085 1220 1149 supera
1241 1065 1307 1149 ipse
1326 1063 1492 1148 perductus
1512 1070 1559 1128 est
1579 1066 1667 1130 etde
1690 1087 1723 1132 se
1743 1067 1846 1135 lutura

675 1152 833 1236 cognovit:
866 1160 913 1214 est
932 1151 1077 1225 alienum,
1106 1150 1304 1234 quodquam
1327 1157 1440 1213 statum
1463 1149 1593 1214 aliorum
1616 1151 1736 1218 animae
1757 1155 1847 1218 sorti-

674 1245 725 1301 tae
745 1236 807 1300 sint
825 1234 1043 1319 deprehendit:
1073 1256 1240 1309 commuue,
1268 1234 1352 1318 quod
1370 1235 1476 1298 eadem
1500 1234 1649 1299 locatam
1671 1235 1730 1300 sibi
1752 1257 1846 1319 quam

673 1321 784 1385 ceteris
811 1320 949 1386 eiusdem
972 1318 1074 1383 meriti
1097 1318 1202 1383 didicit
1221 1319 1412 1403 praeparari:
1442 1320 1613 1404 publicum,
1642 1319 1726 1405 quod
1750 1320 1845 1386 victo·

675 1407 754 1470 riam
774 1405 888 1490 patriae
911 1412 942 1468 ot
963 1403 1156 1486 Carthaginis
1182 1403 1342 1467 interitum
1366 1411 1397 1467 et
1417 1403 1626 1487 Capitolinum
1652 1405 1845 1489 triumphum

675 1512 710 1554 ao
732 1489 969 1554 sollicitudinem
988 1487 1109 1553 futurae
1129 1487 1287 1551 seditionis
1305 1487 1442 1571 agnouit:
1461 1489 1606 1572 generale,
1669 1490 1709 1554 od
1725 1490 1843 1556 caelum

675 1576 813 1659 caelique
835 1573 966 1638 circulos
986 1572 1257 1656 conversionisque
1278 1579 1476 1646 concentum,
1508 1572 1578 1637 vivo
1605 1595 1623 1638 a
1645 1574 1706 1640 hac
1726 1575 1844 1640 homini

675 1681 753 1724 nova
777 1667 809 1723 et
831 1657 1001 1742 incognita,
1037 1657 1194 1720 stellarum
1214 1656 1306 1719 etiam
1330 1677 1365 1720 ac
1387 1657 1539 1720 luminum
1560 1665 1663 1723 motus
1682 1667 1844 1744 terraeque

672 1745 774 1808 omnis
793 1743 886 1807 situm
913 1741 1107 1826 suspiciendo
1126 1741 1174 1805 vel
1199 1740 1396 1824 despiciendo
1416 1741 1564 1825 concepit
1615 1744 1680 1809 Nec
1698 1744 1757 1808 dici
1777 1754 1844 1828 pol·
1856 1747 1895 1809 14

672 1838 720 1894 est
742 1849 806 1890 non
828 1834 934 1912 aptum
956 1826 1049 1890 luisse
1073 1824 1224 1910 Scipionis
1252 1846 1401 1909 personae
1428 1825 1597 1904 somnium,
1629 1828 1713 1912 quod
1734 1835 1766 1892 et
1792 1851 1844 1913 ge·

674 1912 780 1976 nerale
800 1919 882 1976 esset
903 1918 934 1975 et
955 1909 1233 1995 publicumque
1260 1909 1391 1974 necdum
1421 1909 1465 1975 illi
1488 1911 1677 1995 contigisset
1692 1913 1844 1997 amplissi-

673 2018 743 2061 mus
767 1996 977 2080 magistratus,
1013 1994 1108 2058 immo
1134 2014 1205 2058 oum
1232 1993 1346 2072 adhuc,
1377 2002 1414 2058 ut
1437 1994 1502 2079 ipse
1528 1995 1616 2072 dicit,
1644 2020 1742 2082 paene
1761 1999 1868 2063 meles*

671 2082 854 2146 haberetur:
889 2081 976 2144 aiunt
997 2080 1080 2143 anim
1104 2099 1166 2142 non
1188 2078 1328 2143 habenda
1351 2099 1407 2163 pro
1434 2080 1515 2144 veris
1537 2080 1575 2144 de
1603 2087 1686 2147 statu
1713 2082 1842 2147 civitatis

672 2167 792 2231 somnia
817 2165 877 2229 nisi
895 2185 974 2248 quae
1002 2170 1104 2228 rector
1126 2163 1193 2226 eius
1218 2164 1452 2247 magistratusve
1472 2164 1598 2229 vidisset
1620 2173 1674 2230 aut
1700 2187 1779 2251 quae
1804 2167 1842 2232 de

671 2252 762 2336 plebe
784 2271 847 2312 non
870 2269 952 2313 unus
974 2248 1027 2312 sed
1047 2247 1137 2312 multi
1165 2247 1276 2311 similia
1303 2249 1516 2312 somniassent
1572 2249 1647 2314 ldeo
1674 2252 1754 2335 apud
1778 2253 1842 2316 llo·
1854 2251 1893 2315 15

672 2356 810 2409 merum,
838 2355 907 2397 cum
928 2333 960 2396 in
985 2333 1113 2396 concilio
1131 2331 1319 2396 Graecorum
1339 2337 1554 2416 Agamemnon
1574 2335 1728 2400 somnium
1753 2337 1893 2423 quodue]

672 2421 710 2484 de
731 2417 912 2482 instruendo
933 2417 1047 2501 praelio
1067 2416 1185 2482 viderat
1204 2416 1389 2500 publicaret,
1417 2419 1544 2494 Nestor,
1570 2418 1624 2502 qui
1651 2440 1712 2483 non
1738 2420 1842 2484 minus

597 2563 601 2574 ,
673 2506 738 2588 ipse
761 2503 924 2587 prudentia
989 2523 1037 2566 am
1059 2501 1161 2565 omnis
1178 2501 1303 2566 iuventa
1322 2501 1439 2566 viribus
1460 2502 1538 2566 iuvit
1556 2503 1739 2582 exercitum,
1769 2526 1841 2569 con·

671 2589 777 2652 cilians
803 2588 895 2651 fidem
921 2587 1039 2651 realis:
1079 2587 1126 2650 De
1150 2597 1243 2661 statu,
1275 2586 1391 2670 inquit,
1415 2587 1536 2672 publica
1559 2588 1738 2653 credendum
1757 2591 1840 2674 regio

669 2675 800 2747 samaia,
833 2672 913 2758 quod
930 2673 960 2735 si
980 2673 1055 2735 alter
1072 2671 1206 2746 aidr'ssct,
1238 2672 1467 2756 repudiaremus
1490 2682 1526 2735 ut
1546 2673 1640 2755 sutile.
1691 2672 1750 2738 Sed
1777 2695 1838 2739 non
1853 2672 1892 2738 lo

670 2759 708 2822 ab
730 2778 764 2821 re
786 2764 868 2832 erat,
894 2763 930 2820 ut
951 2755 1069 2840 Scipio,
1098 2755 1156 2819 etsi
1175 2754 1308 2819 necdum
1329 2755 1458 2840 adeptus
1484 2762 1559 2820 luna
1579 2756 1679 2822 luerat
1699 2759 1839 2823 consula·

670 2851 736 2906 tum
758 2861 815 2905 nee
841 2848 906 2906 erat
928 2847 1029 2904 rector
1056 2839 1226 2915 exercitus,
1263 2840 1457 2925 Carthaginis
1485 2841 1654 2907 somniaret
1680 2842 1839 2908 interitum

670 2927 756 2991 cuius
779 2935 845 2990 erat
864 2931 971 2997 auctor
992 2923 1129 3001 futurus,
1156 2924 1338 3009 audiretque
1358 2926 1517 2991 victoriam
1535 2926 1685 2992 beneficio
1706 2949 1762 2993 suo
1803 2950 1839 2993 u·

669 3011 796 3086 blicam,
831 3010 950 3075 videret
969 3009 1062 3073 etiam
1084 3016 1200 3074 secreta
1221 3018 1349 3073 naturae
1370 3011 1417 3076 vir
1438 3032 1501 3075 non
1519 3011 1622 3075 minus
1645 2950 1839 3097 philosopbia

669 3116 762 3180 quam
790 3094 903 3161 virtute
928 3094 1125 3178 praecellens.
1179 3093 1235 3158 His
1262 3093 1392 3158 adsertis
1424 3095 1497 3179 quia
1528 3095 1671 3180 superius
1698 3095 1889 3162 falsitatisl'l

669 3179 893 3245 insomniorum
916 3179 1077 3263 Virgilium
1098 3184 1207 3243 testem
1226 3177 1355 3242 citantes
1371 3198 1478 3243 versus
1498 3178 1626 3247 lecimus
1647 3182 1837 3247 mentionem

659 3265 751 3341 ,eruti
774 3264 812 3328 de
833 3264 1025 3349 geminarum
1053 3263 1164 3328 somnii
1188 3263 1393 3347 descriptione
1414 3270 1587 3347 portarum,
1621 3265 1647 3329 si
1668 3267 1737 3349 quis
1758 3267 1838 3331 forte

668 3369 818 3434 quaerere
839 3348 927 3426 velit,
954 3369 1010 3413 our
1027 3356 1116 3433 porta
1138 3368 1176 3411 ex
1198 3348 1291 3412 ebore
1315 3346 1398 3411 salsis
1420 3355 1452 3411 et
1472 3368 1490 3411 e
1507 3369 1605 3412 cornu
1627 3348 1707 3413 veris
1728 3349 1768 3413 sit
1785 3350 1837 3415 de-

667 3441 792 3520 putata,
830 3432 999 3500 instruetur
1019 3440 1145 3499 auctore
1166 3431 1354 3518 Porphyrio,
1386 3431 1495 3519 quiin
1524 3432 1751 3497 commentariis
1773 3434 1838 3500 suis

1459 3631 1543 3695 [Edd.
1565 3630 1769 3701 vicshapdgsb.

666 3718 773 3786 scriptu
792 3718 879 3771 lectio
897 3714 1058 3779 ridebatur,
1080 3717 1244 3785 refragatur
1260 3716 1326 3769 call.
1346 3734 1369 3768 c.
1388 3711 1449 3784 iffi
1469 3717 1504 3784 1.]
1526 3722 1556 3769 at
1576 3733 1600 3769 c.
1616 3720 1634 3768 6
1653 3717 1678 3784 [5
1700 3719 1744 3786 1.].
1784 3718 1839 3771 cla-

661 3791 752 3852 fcrtur
768 3786 839 3838 Bra.
865 3814 894 3824 -
917 3786 953 3836 acl
971 3800 1101 3852 superae
1114 3801 1174 3853 pro
1190 3801 1218 3837 se
1233 3787 1291 3853 ipsc
1308 3786 1582 3853 „manuscriptorum
1600 3786 1721 3837 melior“
1739 3785 1839 3838 Barth.

664 3854 780 3905 Adsere.
798 3851 937 3917 XXXIX,
954 3855 1002 3916 lh,
1029 3867 1083 3903 nan
1100 3869 1159 3919 per
1174 3870 1213 3914 re,
1237 3853 1311 3919 quod
1333 3870 1395 3904 enm
1415 3854 1540 3905 Pontaao
1563 3870 1597 3904 cx
1619 3853 1674 3905 hoc
1694 3853 1791 3906 codice
1809 3858 1838 3905 ct

664 3928 812 3987 praetcrea
830 3938 863 3971 err
880 3919 986 3986 optimo
1008 3936 1058 3970 aaa
1079 3919 1162 3971 affert
1179 3921 1265 3972 Gran.
1305 3921 1376 3989 (ipse
1395 3937 1455 3988 per
1474 3938 1503 3972 rc
1524 3922 1576 3971 111.
1615 3936 1673 3987 per
1691 3937 1747 3973 scre
1768 3914 1837 3987 [rsa.

664 3995 729 4039 anta
743 3988 804 4055 per]
828 3988 895 4052 112).
936 3987 972 4037 acl
989 4003 1086 4052 supera
1101 3987 1243 4054 perductus
1261 3988 1330 4052 (om.
1348 3988 1418 4054 ipsc)
1437 4004 1465 4054 g.
1506 3989 1542 4038 ad
1559 4002 1654 4053 supera
1673 3988 1767 4039 ductus
1785 3988 1836 4040 ltr.

663 4057 808 4107 mularum
827 4062 912 4116 (corr.
929 4053 959 4104 in
977 4054 1117 4112 aliorum)
1137 4054 1208 4106 ΡΜ.
1226 4082 1260 4093 -
1284 4056 1393 4106 sortitae
1410 4062 1481 4106 suat
1498 4054 1628 4119 truse-g.
1647 4080 1683 4093 -
1701 4062 1748 4105 cst
1764 4072 1836 4104 ram·

663 4139 741 4173 mune
754 4123 824 4173 uda.
859 4137 992 4172 commuue
1007 4128 1053 4173 est
1071 4118 1148 4171 uua.
1168 4149 1201 4161 ·-
1218 4127 1265 4173 est
1282 4123 1414 4187 publicum
1430 4122 1549 4173 1111.-
1563 4120 1697 4171 interitum
1714 4121 1835 4171 romai-

663 4191 734 4240 aoit
752 4189 782 4239 ll.
802 4217 834 4225 -
859 4196 889 4241 ct
906 4188 1097 4239 solicitudinem
1115 4204 1168 4252 mg
1183 4194 1213 4249 (e
1232 4189 1351 4248 sallic.)
1370 4216 1403 4225 -
1420 4191 1532 4251 suturae
1549 4186 1686 4237 seditionis
1704 4187 1835 4237 sollicitu-

663 4257 751 4307 diuem
772 4255 804 4306 1².
826 4281 859 4293 —
885 4262 933 4307 cst
954 4255 1081 4323 generale
1103 4254 1171 4305 Edd.
1206 4256 1333 4324 gencrale
1356 4261 1402 4306 est
1424 4254 1456 4304 F.
1613 4254 1653 4301 14.
1691 4253 1760 4303 Noa
1782 4252 1836 4303 dici

663 4322 738 4373 Burs.
761 4350 795 4361 -
816 4323 885 4390 quod
904 4323 1029 4391 generale
1048 4323 1118 4386 (om.
1136 4322 1175 4387 et)
1198 4340 1259 4388 v-g.
1282 4350 1309 4360 -
1332 4322 1509 4390 magistratus
1526 4320 1680 4388 contigisset
1699 4319 1835 4386 amplissi-

662 4405 722 4440 mus
739 4390 788 4440 Rs.
807 4418 841 4428 —
856 4406 941 4454 paene
956 4388 1040 4455 miles]
1059 4389 1154 4440 Somn.
1170 4389 1210 4453 ll,
1230 4393 1254 4439 1.
1271 4414 1308 4428 -
1327 4395 1374 4440 aut
1391 4388 1424 4439 dc
1459 4388 1513 4438 lebc
1528 4393 1596 4447 (om.
1616 4391 1697 4454 quse)
1713 4387 1764 4438 Rs.

630 4479 635 4489 ·
765 4460 805 4506 lb.
843 4458 899 4508 Sic
916 4464 946 4508 et
963 4458 1036 4523 apud
1054 4457 1108 4506 us.
1130 4484 1154 4494 —
1174 4457 1248 4521 apud
1264 4453 1417 4521 Homerum]
1435 4405 1469 4505 s.
1486 4449 1522 4522 β’,
1538 4460 1571 4505 79
1589 4471 1668 4520 seqq.
1688 4480 1721 4493 -
1739 4456 1834 4506 iucen-

660 4529 714 4575 tus
736 4521 815 4575 IiTn.
837 4551 864 4561 -
892 4525 1048 4575 credendum
1067 4529 1141 4591 (sup.
1163 4523 1227 4575 add.
1245 4527 1297 4581 est)
1317 4523 1368 4573 ltu.
1390 4549 1418 4560 -
1438 4523 1564 4586 atsutile
1579 4522 1780 4590 repudiaremus
1798 4520 1832 4573 F.

658 4592 858 4658 repudiaremus
874 4600 904 4644 ut
916 4592 1016 4657 facilc
1032 4590 1104 4641 Burs.
1261 4593 1301 4640 16.
1337 4596 1394 4641 erat
1412 4592 1444 4641 ab
1463 4607 1492 4641 rc
1509 4589 1561 4640 82.
1596 4591 1629 4640 ab
1647 4606 1676 4640 rc
1687 4590 1762 4654 suit
1780 4590 1833 4641 Rl.

661 4685 690 4697 -·
710 4667 772 4711 tuuc
790 4667 861 4712 crat
879 4675 939 4724 mg.
961 4686 988 4696 -
1014 4665 1096 4709 actor
1112 4656 1206 4718 „Ma.“
1225 4655 1325 4708 Barth.
1345 4658 1364 4708 l.
1383 4674 1406 4706 c.
1425 4685 1455 4696 -
1480 4656 1696 4724 publicandam
1713 4656 1832 4709 ussus.

657 4727 745 4792 r-gG.
907 4732 949 4777 tr.
991 4724 1121 4791 superius]
1151 4724 1165 4790 ᾗ
1189 4728 1214 4776 6.
1241 4751 1275 4762 —-
1307 4724 1451 4793 Virgilium
1479 4724 1546 4775 Mas.
1573 4722 1628 4775 via.
1673 4725 1833 4794 Vergilium

657 4794 737 4845 eli-b.
759 4821 786 4832 -
811 4794 989 4846 ductitantur
1011 4808 1031 4859 g
1054 4792 1081 4842 in
1103 4808 1160 4857 mg.
1182 4820 1211 4830 -
1233 4793 1302 4843 cius
1317 4808 1408 4843 acrem
1424 4790 1610 4844 surarum.
1634 4817 1669 4831 -
1691 4794 1759 4846 eruti
1777 4809 1832 4845 om.

656 4860 728 4913 Bsra.
764 4862 980 4928 eratitaap.uel
998 4860 1144 4920 aasabim.
1179 4858 1831 4927 editiginmg.-samni(sdd.ssec.m.)

656 4930 709 4978 R2.
733 4954 767 4967 -
789 4947 821 4980 cr
841 4931 928 4980 cburc
950 4928 1000 4977 Rs.
1021 4955 1053 4965 -
1077 4935 1102 4979 ct
1124 4944 1159 4978 er
1182 4944 1262 4978 cornu
1286 4926 1337 4977 Rl.
1372 4936 1397 4979 ct
1413 4944 1494 4979 cornu
1512 4929 1580 4992 (om.
1598 4929 1626 4989 a)
1644 4925 1674 4977 0.
1717 4944 1831 4979 acarna

656 5003 725 5058 (om.
745 5002 785 5057 et)
804 4997 896 5064 cth.
931 5002 956 5047 et
971 4996 1009 5047 de
1024 5011 1104 5047 cornu
1123 4994 1155 5046 Is.
1173 5020 1207 5033 -
1229 5012 1247 5046 a
1262 4994 1399 5064 porphiria
1417 5004 1525 5049 auctore
1542 4993 1719 5047 Fths.Ts.
1744 5021 1777 5034 -
1801 4996 1829 5046 iu

689 5201 731 5247 13.
766 5197 1001 5250 stellarumctiam
1023 5196 1213 5261 uoluminum]
1268 5213 1291 5247 c.
1310 5200 1341 5259 6,
1360 5196 1373 5261 i
1392 5200 1425 5246 18
1443 5200 1472 5249 et
1490 5213 1513 5247 c.
1532 5198 1580 5260 14,
1603 5196 1669 5262 §23
1688 5198 1716 5245 et
1731 5196 1780 5257 253
1802 5208 1826 5243 c.

655 5265 772 5317 Lumina
799 5270 865 5318 rant
891 5265 935 5317 sol
963 5269 991 5315 et
1015 5263 1092 5317 luna.
1135 5262 1215 5318 conl.
1269 5264 1348 5329 lr,§
1372 5268 1412 5316 16.
