5092 6425
690 897 747 964 DE
770 896 878 962 DIFF.
899 895 954 961 ET
977 891 1067 961 SOC.
1090 889 1247 959 Gunucl
1268 891 1400 972 Lumo.
1421 890 1557 959 VERBI.
1600 895 1686 962 XIX
1728 883 1793 962 265

571 1078 575 1119 ῑ
620 1075 783 1154 sequatur,
823 1063 912 1130 θέλω
937 1061 1044 1147 μέλλω
1072 1063 1218 1128 διατυπῶ
1251 1081 1291 1127 an
1317 1070 1424 1128 contra
1450 1057 1491 1128 od
1510 1059 1599 1128 θέλω
1624 1061 1665 1130 οὐ
1680 1061 1792 1149 ’μέλλω

571 1168 574 1203 ῑ
620 1150 661 1218 ori
683 1153 837 1218 διατυπῶ.
882 1150 961 1214 Ηῖοο
984 1150 1022 1213 de
1044 1149 1140 1233 ipsius
1169 1147 1373 1214 declinatione
1394 1156 1569 1216 tractemus.

707 1237 816 1303 Graeci
840 1235 950 1300 infiniti
974 1255 1071 1298 unum
1100 1243 1223 1320 tempus
1250 1235 1313 1298 duo
1336 1241 1475 1318 tempora
1504 1234 1719 1320 complectitur
1746 1236 1792 1299 in·
1802 1238 1843 1302 12

621 1323 742 1388 dicativi
767 1321 863 1385 modi:
899 1321 982 1383 ποιῶ
1005 1317 1139 1383 ἐποίουν
1160 1321 1191 1384 in
1213 1319 1393 1394 indicativo,
1432 1320 1462 1384 in
1484 1319 1605 1385 infinito
1625 1329 1727 1385 autem
1750 1321 1793 1386 ita

620 1408 856 1494 pronuntiatur,
902 1402 1073 1479 ἐνεστῶτος
1101 1404 1158 1469 καὶ
1178 1406 1401 1488 παρατατικοῦ
1423 1410 1547 1471 ποιεῖν·
1586 1404 1664 1470 item
1682 1407 1792 1470 πεποί-

620 1517 684 1577 ηκα
712 1487 930 1574 ἐπεποιήκειν,
972 1499 1003 1555 et
1023 1491 1055 1555 in
1077 1490 1197 1554 infinito
1219 1485 1459 1574 παρακειμένου
1483 1489 1541 1554 καὶ
1566 1485 1792 1574 άπερσυντελι-

618 1581 681 1643 κοῦ
705 1572 923 1660 πεποιηκέναι.
967 1575 1058 1659 Apud
1083 1575 1216 1641 Graecos
1239 1596 1331 1640 omne
1359 1570 1594 1661 άπαρέμφατον
1626 1577 1733 1643 autin
1758 1579 1798 1641 N
1803 1577 1842 1642 13

621 1664 734 1729 desinit
754 1671 808 1728 aut
828 1663 860 1726 in
882 1664 939 1725 AI
956 1660 1196 1746 diphthongum:
1223 1661 1275 1725 sed
1298 1669 1330 1725 ct
1352 1681 1421 1725 cum
1446 1661 1477 1725 in
1499 1663 1539 1724 N
1554 1662 1682 1739 desinit,
1704 1663 1793 1747 diph-

619 1749 755 1834 thongus
787 1747 949 1832 praecedat
980 1767 1104 1811 necesse
1133 1756 1193 1822 est,
1233 1753 1270 1810 ut
1302 1751 1410 1809 ποιεῖν
1439 1748 1604 1829 χρυσοῦν·
1648 1747 1716 1812 ideo
1746 1749 1792 1835 τῷ

621 1835 778 1898 ΒΟΑΙΝ
801 1833 880 1895 ἰῶτα
902 1831 1082 1909 ascribitur,
1121 1854 1159 1896 ne
1182 1831 1223 1896 sit
1243 1827 1479 1917 άπαρέμφατον
1503 1832 1569 1897 sine
1592 1832 1794 1918 diphthongo.

620 1919 710 1984 Unde
731 1939 811 2003 quae
837 1917 869 1981 in
892 1918 968 1980 HN
983 1917 1143 1993 desinunt,
1181 1924 1217 1982 ut
1245 1919 1303 1999 ζῆν
1331 1919 1446 2001 πεινῆν
1474 1917 1590 2000 διψῆν,
1633 1940 1694 1982 non
1720 1920 1844 1985 suntll

621 2003 799 2069 communia
824 2001 877 2067 sed
899 2001 1027 2077 Dorica,
1060 2011 1096 2067 ut
1116 1995 1207 2086 ὁρῆν.
1250 2002 1399 2068 Eiusdem
1426 2011 1500 2067 sunt
1520 2002 1641 2068 dialecti
1661 2012 1693 2068 et
1714 2025 1793 2088 quae

621 2090 654 2154 in
683 2091 755 2152 EN
771 2095 901 2164 exeunt,
942 2096 978 2153 ut
997 2082 1061 2152 άπὸ
1086 2091 1145 2152 τοῦ
1164 2092 1255 2152 νοεῖν
1274 2084 1352 2151 νοέν
1377 2096 1409 2153 et
1438 2083 1501 2151 άπὸ
1523 2089 1581 2151 τοῦ
1603 2089 1843 2172 δασμηφο-[σκσ]

622 2179 694 2259 ρεῖν
714 2170 943 2258 δασμηφορέν.·
963 2173 1033 2238 licet
1052 2173 1115 2237 sint
1135 2181 1166 2238 et
1185 2173 1361 2237 communia
1382 2173 1414 2237 in
1438 2174 1514 2249 EN,
1535 2173 1588 2238 sed
1610 2174 1794 2258 integritatis

622 2260 816 2326 extremitate
838 2257 990 2343 praecisa,
1026 2268 1062 2323 ut
1083 2267 1131 2322 est
1154 2253 1216 2322 άπὸ
1240 2260 1300 2322 τοῦ
1323 2255 1433 2340 ἔμεναι
1455 2255 1543 2340 έμεν,
1568 2253 1632 2323 άπὸ
1654 2261 1714 2322 τοῦ
1739 2256 1793 2324 dd-

621 2366 717 2429 μευαι
738 2341 843 2427 δόμεν.
888 2343 1019 2408 Perlecti
1045 2343 1193 2429 temporis
1216 2343 1371 2408 indicativi
1395 2343 1583 2410 Graecorum
1601 2344 1697 2419 ,tertia
1725 2367 1793 2431 par·
1804 2342 1843 2408 15

622 2451 697 2495 sona
723 2429 776 2494 fini
799 2450 855 2494 suo
876 2429 993 2493 adiecta
1017 2431 1108 2492 NAI
1129 2428 1241 2515 syllaba
1262 2429 1373 2494 transit
1395 2429 1426 2493 in
1449 2424 1699 2514 άπαρέμφατον,
1738 2449 1793 2494 πε-

621 2515 736 2598 ποίηκε
761 2511 987 2598 πεποιηκέναι,
1027 2511 1132 2597 λέλεχε
1158 2511 1328 2597 λελεχέναι.
1371 2514 1472 2579 Latini
1501 2516 1617 2600 primae
1645 2535 1793 2600 personae

621 2601 747 2687 perlecti
771 2601 888 2666 addunt
909 2600 1098 2684 geminatum
1123 2608 1204 2665 sset
1227 2625 1257 2676 e,
1296 2601 1367 2665 diei
1394 2601 1514 2665 dimise.
1559 2600 1668 2665 Graeci
1691 2598 1844 2686 άπαρ-Ιθ

622 2685 752 2771 έμφατα
777 2707 832 2751 sua
860 2686 957 2751 activa
984 2685 1015 2749 in
1043 2688 1099 2749 AI
1113 2685 1284 2750 desinentia
1307 2706 1362 2770 per
1383 2707 1491 2751 omnes
1509 2687 1707 2752 semivocales
1726 2687 1794 2752 lite·

621 2793 671 2837 ras
692 2773 853 2858 prolerunt
872 2780 1001 2857 excepto
1022 2774 1063 2851 Z,
1087 2775 1226 2835 ,στεῖλαι
1250 2776 1361 2855 νεῖμαι
1381 2773 1498 2855 χρῆναι
1521 2777 1651 2854 σπεῖραι
1676 2775 1795 2855 νοῆσαι

622 2854 713 2933 λέξαι
734 2854 877 2940 ponium:
896 2864 1023 2940 excepta
1046 2865 1119 2922 suot
1140 2850 1228 2921 εἶπαι
1247 2855 1305 2921 καὶ
1327 2852 1456 2939 ἐνέγκαι
1477 2879 1556 2944 οιτον
1577 2858 1642 2923 sola
1664 2881 1727 2923 non
1748 2879 1795 2923 se·

623 2941 787 3006 mivocales
806 2943 913 3007 sortita
935 2942 987 3007 sod
1007 2953 1117 3007 mutas.
1160 2943 1284 3008 Passiva
1306 2963 1380 3008 vero
1401 2963 1456 3026 per
1474 2964 1569 3007 unam
1588 2952 1708 3008 tantum
1726 2943 1794 3008 lite-

622 3046 688 3090 ram
714 3029 742 3088 Θ
764 3026 964 3111 proleruntur
983 3027 1152 3132 praemissa
1175 3036 1228 3091 aut
1250 3028 1375 3112 liquida,
1395 3024 1556 3111 κεκάρθαι
1577 3029 1721 3092 renititur
1743 3026 1794 3112 έῤ-

624 3106 761 3195 ῥάνθαι,
800 3118 855 3176 aut
876 3113 924 3188 Σ,
955 3114 1109 3192 λέγεσθαι
1131 3114 1316 3193 φιλεῖσθαι,
1352 3119 1406 3176 aut
1425 3111 1519 3177 altera
1539 3133 1578 3176 ex
1598 3114 1692 3179 mutis¹
1714 3134 1794 3197 quaa

623 3204 772 3263 vocantur
794 3195 937 3274 δασεῖαι,
974 3195 1006 3260 id
1027 3202 1074 3260 est
1093 3194 1157 3260 sive
1178 3200 1223 3274 X,
1259 3203 1294 3261 ut
1314 3191 1490 3278 νενάχθαι,
1525 3198 1588 3262 sire
1609 3200 1655 3276 Φ,
1688 3205 1725 3262 ut
1743 3221 1795 3279 με·

622 3278 783 3366 γράφθαι.
827 3281 905 3347 Cum
929 3281 1030 3346 Latini
1056 3281 1175 3346 nullum
1204 3280 1359 3346 inlinitum
1383 3282 1627 3369 monosyllabum
1650 3282 1844 3360 habeant,l'l

624 3368 734 3435 Graeci
761 3367 945 3454 paucissima
970 3366 1099 3445 hahent,
1138 3388 1218 3453 quae
1247 3366 1421 3433 referantur
1442 3367 1480 3434 ad
1508 3369 1604 3433 solam
1628 3368 1794 3435 secundam

1542 3570 1626 3632 [Edd.
1646 3571 1728 3639 μέμυ.

624 3659 665 3707 12.
700 3655 728 3707 in
744 3652 982 3723 infinitiooffiis)
1002 3652 1071 3704 uda.
1226 3656 1266 3705 13.
1302 3651 1473 3720 βοαῖνΕάέ.
1508 3652 1570 3705 l'id.
1590 3662 1646 3708 πολ.
1661 3657 1695 3709 ad
1714 3674 1737 3709 c.
1753 3661 1796 3721 17,

622 3725 635 3791 ᾖ
659 3727 685 3775 3.
840 3725 880 3772 14.
915 3716 979 3773 νόεν
1003 3728 1031 3774 et
1062 3715 1239 3788 δασμηφόρεν
1266 3720 1337 3772 Edd.
1491 3726 1532 3773 15.
1567 3718 1654 3790 λέλεχε
1680 3742 1734 3777 om.
1765 3725 1795 3776 P.

726 3792 768 3842 16.
803 3792 926 3857 χρεῖναι
951 3789 1053 3840 Εάά.1’.
1077 3818 1111 3829 -
1132 3789 1242 3840 multos
1264 3788 1297 3840 P.
1320 3816 1354 3829 -
1383 3788 1611 3843 KAIKAPOAI
1629 3793 1660 3845 P.
1686 3821 1713 3833 -
1741 3793 1796 3844 ΦΙ-

622 3858 784 3911 aulem
799 3858 829 3909 P.
846 3886 881 3897 -
901 3857 1052 3910 ΔΑΣΙΑΙ
1064 3857 1096 3910 P.
1119 3884 1153 3896 -
1176 3865 1205 3910 αλ
1223 3864 1347 3924 (utrum,
1366 3857 1545 3918 κουρίωσιν.
1565 3859 1597 3910 P.

662 4042 701 4090 la.
736 4056 816 4091 unum
851 4047 952 4109 tempus
983 4041 1035 4092 duo
1066 4047 1186 4107 tempora
1270 4039 1446 4110 integritulir]
1479 4040 1499 4092 i.
1527 4058 1552 4093 e.
1580 4039 1710 4107 integrae
1739 4040 1797 4093 lor-

623 4107 813 4174 compleetitur]
838 4107 881 4158 (ll.
904 4126 928 4159 ο.
948 4111 994 4169 13,
1016 4107 1141 4173 §ttaqrp
1158 4113 1187 4158 ct
1236 4124 1309 4160 mac.
1349 4106 1427 4159 conl.
1457 4107 1471 4173 ρ
1503 4112 1542 4159 lt.
1574 4115 1603 4161 ct
1628 4108 1734 4159 comm.
1757 4108 1796 4174 ll,

623 4174 762 4226 Priscian.
781 4174 830 4225 lih.
849 4174 925 4239 Vlll,
945 4190 1006 4241 cap.
1026 4174 1060 4225 dc
1079 4180 1187 4241 tempo·
1237 4178 1279 4237 17,
1298 4176 1339 4226 14.

623 4242 677 4294 rib·
694 4243 803 4293 verbm·
1122 4306 1130 4321 ,
1270 4261 1313 4309 15.
1350 4256 1442 4310 hutini
1463 4257 1529 4325 otc]
1550 4256 1592 4310 Cl.
1615 4259 1650 4311 do
1672 4259 1749 4310 rerh.
1771 4274 1797 4310 c.

659 4313 701 4360 13.
737 4309 818 4376 Apud
841 4308 955 4360 Gruacm
974 4306 1040 4375 etc]
1064 4306 1104 4358 lle
1122 4306 1187 4357 nnll-
1237 4330 1255 4376 5
1283 4324 1338 4391 §⁶-

625 4376 779 4429 nitlvorum
795 4375 894 4427 lornei·
910 4376 981 4442 apud
998 4374 1113 4427 Latinos
1130 4375 1187 4427 vid.
1255 4364 1315 4459 '16'
1348 4406 1454 4474 ,om-w]
1473 4406 1516 4460 cp·
1536 4409 1623 4475 pmp⁸

626 4446 754 4498 darerh.
774 4443 981 4510 c.6‚§4sqq.
1582 4496 1595 4509 .
1754 4492 1763 4507 ·

660 4515 702 4563 14,
738 4529 805 4578 qm
827 4512 854 4562 i„
878 4510 938 4561 ΕΝ
959 4507 1064 4575 enum]
1084 4507 1187 4559 Eum.
1271 4508 1340 4557 οντα
1361 4499 1490 4543 occantur
1515 4491 1634 4560 dorostori]
1662 4491 1706 4543 (ll.
1729 4492 1798 4545 Dro-

623 4579 673 4647 pn
696 4577 751 4630 vra.
775 4578 848 4645 apua
871 4578 1075 4640 narranaam,
1107 4574 1186 4629 naar.
1235 4575 1299 4643 rr·-
1316 4557 1411 4641 θῦνε·
1431 4561 1506 4641 *0¹3¹-
1524 4578 1550 4644 t·
1568 4566 1603 4611 θλ
1619 4565 1713 4621 (¹⁷4)=
1733 4560 1798 4614 Τῶν

625 4665 667 4717 g„-
688 4646 906 4713 &520211’
925 4645 989 4697 Not,
1012 4647 1033 4695 ι,
1237 4626 1266 4679 δε
1283 4627 1457 4707 καλρνμενων
1473 4644 1593 4710 uppem
1614 4623 1692 4680 ἐννέα
1709 4621 1798 4681 ὄντων

659 4709 714 4766 άπὸ
732 4713 782 4765 τοῦ
799 4712 987 4780 δασμηφορεῖν
998 4705 1185 4778 δασμηφορέν]
1235 4691 1299 4777 ῖῖζα
1316 4709 1365 4758 W
1381 4688 1437 4744 ἐστι
1458 4694 1617 4777 ξέῑέαι,ΐθῖα
1635 4691 1665 4747 δὲ
1682 4691 1796 4763 δασέαν

624 4783 695 4835 una.
722 4781 884 4833 nummu·
912 4782 947 4833 aa
973 4779 1071 4845 steph.
1097 4777 1186 4829 rna..
1236 4777 1299 4827 τινα
1319 4756 1349 4811 at
1371 4760 1473 4827 νεταξν
1495 4778 1614 4827 τουτων,
1632 4770 1675 4847 ,ει
1696 4763 1796 4849 Treta·

625 4852 672 4903 Gr.
698 4850 730 4901 h.
759 4868 780 4901 s.
809 4850 838 4900 h.
869 4865 894 4898 r.
925 4846 1072 4900 adnotavit
1100 4845 1185 4897 hasar
1237 4829 1325 4910 El‘ss·
1342 4828 1385 4909 [hs
1408 4832 1572 4912 1)·,4Μ1113
1601 4834 1644 4883 Τα
1661 4848 1724 4898 τρία
1742 4829 1797 4884 δα·

625 4920 785 4982 „cucuron
809 4917 838 4968 in
864 4916 954 4968 Belrlr.
978 4919 1027 4968 An,
1050 4932 1076 4979 p.
1095 4916 1186 4964 laeam
1237 4910 1304 4964 σθαι
1320 4897 1398 4962 &W
1415 4914 1449 4962 ot
1465 4912 1494 4948 τε
1511 4896 1558 4950 καὶ
1573 4900 1610 4965 Ζῖ·

629 4983 669 5037 Τὸ
692 4984 744 5054 γάρ
769 4986 960 5052 δασμηφορεῖν
984 4978 1131 5050 ἀποβάλλει
1152 4976 1185 5031 τὸ
1272 4984 1313 5031 ll.
1348 4981 1421 5032 σποῖν
1446 4981 1530 5048 dicio]
1562 4982 1720 5036 Notandum
1753 4982 1798 5031 ert

626 5051 727 5119 ιπαρά
742 5056 801 5114 τοῖς
820 5052 955 5119 Δωριεῦσι
974 5048 1023 5102 καὶ
1040 5047 1142 5116 γίνεται
1158 5042 1188 5099 έν
1235 5048 1289 5098 hos
1306 5048 1462 5101 infinitivus
1480 5050 1653 5102 Macrohlmn
1672 5066 1724 5101 non
1743 5048 1798 5099 lra-

627 5114 702 5189 ὀξείᾳ
718 5116 794 5172 τάσει
811 5116 1005 5187 δασμηφορέν.-
1033 5117 1113 5169 Unde
1126 5131 1189 5166 oar·
1237 5116 1333 5168 huiaaa
1360 5134 1412 5183 pro
1442 5118 1603 5171 contructis.
1638 5119 1669 5168 ln
1700 5115 1797 5167 codice

626 5187 774 5253 rigcndmn
791 5187 1008 5256 videturEtym.
1025 5187 1064 5237 M.
1084 5185 1187 5252 puto,
1237 5201 1290 5235 nec
1311 5185 1365 5236 huc
1389 5186 1451 5237 loco
1475 5201 1564 5253 noque
1591 5186 1664 5237 inira
1690 5183 1797 5251 legitur

626 5259 685 5317 29„
720 5254 769 5306 ubl
790 5256 873 5307 mado
898 5254 1087 5323 δασμηφορεῖν
1104 5250 1188 5306 modo
1237 5251 1295 5304 iota
1313 5253 1518 5321 subscriptum,
1552 5252 1627 5320 qnod
1644 5251 1798 5321 requiritur

628 5320 815 5389 δασμοφορεῖν
831 5323 879 5375 rel
897 5316 1103 5390 σασμοφορέν.“
1239 5319 1252 5386 t
1273 5323 1315 5372 1³.
