5092 6425
731 881 870 950 COMM.
892 884 936 951 IN
959 881 1086 951 SOMN.
1108 881 1205 950 SCIP.
1249 885 1325 949 LlB.
1347 885 1385 948 11.
1430 883 1520 951 CAP.
1538 887 1622 953 xvl.
1642 886 1741 954 xvh.
1785 890 1849 956 213

668 1062 758 1119 turae
780 1075 842 1118 non
866 1054 906 1119 sit
928 1061 1018 1140 aptus
1040 1052 1078 1118 ad
1098 1052 1267 1137 agendum,
1306 1053 1359 1118 scd
1381 1054 1481 1119 solum
1503 1055 1619 1140 optima
1642 1057 1847 1125 conscientiae

610 1122 616 1169 ¹
669 1138 742 1204 dote
763 1146 883 1204 erectus
910 1138 948 1203 ad
972 1159 1083 1223 supera
1106 1138 1264 1210 doctrinae
1289 1139 1511 1225 supellectilem
1534 1141 1572 1206 ad
1585 1143 1775 1211 ,exercitium
1800 1145 1845 1210 di-

610 1280 612 1311 ;
666 1224 757 1289 vinae
779 1224 995 1309 disputationis
1015 1222 1182 1308 expendat,
1213 1231 1346 1289 sectator
1365 1225 1558 1303 caelestium,
1587 1227 1694 1294 devius
1714 1229 1843 1294 caduco-

666 1329 753 1386 rum,
788 1309 814 1374 is
837 1329 961 1395 quoque
984 1307 1021 1372 ad
1043 1308 1118 1373 caeli
1148 1308 1295 1374 verticem
1319 1309 1426 1374 otiosis
1450 1310 1616 1377 virtutihus
1645 1313 1842 1379 subvehetur.

666 1394 766 1492 Saepe
787 1402 890 1459 tamen
914 1393 1025 1469 evenit,
1049 1400 1085 1458 ut
1104 1392 1186 1458 idem
1207 1402 1314 1479 pectus
1336 1401 1368 1458 et
1388 1396 1497 1478 agendi
1520 1397 1748 1483 et,disputandi
1773 1420 1841 1484 per·
1873 1402 1891 1464 ’l

666 1479 799 1544 lectione
834 1479 966 1544 sublime
997 1478 1050 1554 sit,
1090 1486 1123 1542 et
1153 1480 1271 1544 ceolum
1302 1487 1437 1565 utroque
1471 1480 1657 1567 adipiscatur
1693 1485 1840 1550 exercitio

665 1565 826 1629 virtutum.
877 1562 1029 1628 Romulus
1052 1563 1141 1629 nobis
1164 1564 1195 1628 in
1221 1565 1322 1650 primo
1343 1585 1456 1649 genere
1480 1575 1627 1651 ponatur,
1668 1569 1756 1634 cuius
1778 1569 1840 1635 vita
1869 1568 1890 1634 8

664 1650 794 1714 virtutes
816 1669 986 1735 numquam
1008 1647 1159 1725 deseruit,
1181 1671 1304 1733 semper
1325 1650 1477 1714 exercuit:
1516 1651 1548 1715 in
1569 1652 1705 1717 secundo
1726 1653 1839 1738 Pytha-

664 1754 765 1819 goras,
787 1734 840 1819 qui
862 1733 971 1817 agendi
993 1734 1114 1798 nescius
1133 1733 1192 1799 luit
1212 1735 1321 1800 artifex
1341 1734 1510 1800 disserendi
1532 1745 1564 1800 et
1582 1738 1662 1803 solas
1680 1738 1838 1805 doctrinae

664 1828 697 1884 et
716 1819 921 1884 conscientiae
942 1817 1072 1883 virtutes
1092 1827 1216 1884 secutus
1233 1829 1294 1885 est:
1323 1820 1363 1885 sit
1384 1821 1415 1884 in
1435 1821 1528 1885 tertio
1547 1842 1582 1885 ac
1605 1823 1701 1888 misto
1724 1844 1837 1906 genere

664 1903 747 1988 apud
769 1902 903 1968 Graecos
925 1904 1082 1988 Lycurgus
1104 1911 1135 1968 et
1155 1904 1263 1982 Solon,
1297 1905 1378 1970 inter
1397 1908 1554 1971 Romanos
1575 1907 1678 1974 Numa
1702 1908 1836 1974 Catones

664 1989 755 2054 embo
780 1988 931 2074 multique
955 1987 1005 2052 alii
1029 1988 1083 2073 qui
1109 1996 1140 2054 et
1163 1989 1391 2076 philosophiam
1418 1990 1589 2056 hauserunt
1615 1993 1707 2058 ultius
1734 2000 1765 2057 et
1786 1993 1836 2058 fir·

664 2080 855 2139 momentum
882 2073 1088 2157 reipublicae
1116 2077 1351 2159 praestiterunt:
1387 2076 1444 2140 soli
1470 2077 1553 2141 enim
1581 2078 1749 2162 sapientiae
1771 2079 1835 2142 otio

663 2159 784 2223 deditos
814 2167 849 2223 ut
880 2158 1001 2224 abunde
1029 2157 1157 2224 Graecia
1187 2161 1258 2226 tulit
1290 2161 1331 2224 ite
1357 2162 1457 2225 Roma
1489 2162 1624 2226 nescivit.
1677 2160 1833 2240 Quoniam
1864 2161 1885 2224 9

662 2245 757 2328 igitur
774 2243 937 2309 Africanus
959 2250 1073 2319 noster,
1113 2264 1184 2308 uem
1207 2244 1300 2310 modo
1317 2265 1392 2310 avus
1409 2253 1590 2330 praeceptor
1605 2246 1748 2324 instituit,
1769 2259 1883 2329 expos]
1982 2266 1984 2271 ·

662 2330 716 2394 illo
738 2350 850 2414 genere
873 2337 920 2394 est
941 2327 1024 2414 quod
1045 2337 1076 2392 et
1091 2264 1134 2393 de
1156 2329 1295 2395 doctrina
1312 2330 1433 2396 vivendi
1458 2331 1596 2416 regulum
1620 2339 1778 2397 mutuatur
1799 2338 1832 2396 et

662 2421 775 2480 statum
803 2413 959 2499 publicum
985 2413 1151 2480 virtutihus
1177 2413 1279 2494 iulcit,
1316 2414 1386 2480 idco
1414 2415 1442 2480 ei
1469 2416 1664 2501 perfectionis
1690 2417 1830 2502 geminae

1457 2605 1542 2667 [Edd.
1561 2604 1764 2672 sieahgspdzh.

659 2691 686 2738 6.
721 2687 803 2738 insitu
818 2687 945 2740 uirtute
964 2692 1040 2756 (sup.
1058 2706 1075 2740 v
1093 2686 1157 2739 edd.
1176 2693 1205 2755 q)
1225 2687 1256 2739 B.
1271 2714 1306 2725 -
1324 2688 1413 2756 opimo
1430 2689 1482 2740 112.
1504 2716 1538 2726 -
1556 2698 1668 2756 ereptus
1686 2689 1732 2741 sia
1749 2695 1783 2755 (g
1803 2687 1832 2739 in

659 2760 749 2822 mg.);
770 2756 881 2806 Modius
900 2772 944 2822 ep.
961 2759 1010 2819 20,
1030 2775 1056 2822 p.
1075 2759 1117 2808 93.
1137 2757 1261 2808 restituit
1279 2765 1386 2809 erectus.
1400 2787 1434 2796 —
1451 2759 1488 2809 nd
1507 2756 1832 2824 superindumento

659 2821 786 2890 scripte“
807 2823 924 2875 Mnus.
946 2840 970 2873 c.
990 2825 1210 2907 ‚,sncmhranee“
1233 2824 1313 2907 Ppnt.
1335 2824 1427 2890 „0¹.“
1453 2853 1487 2864 -
1517 2826 1706 2894 disputationis
1725 2826 1833 2877 divim

659 2890 1115 3023 sustinuerimus·
1136 2892 1297 3012 sistris:
1314 2894 1471 3012 sirum
1488 2891 1523 2942 ¹³·
1554 2891 1831 3029 mutescit

658 3023 691 3074 F.
714 3052 742 3061 -
765 3027 926 3090 perfectione
943 3027 1071 3078 sublimis
1089 3026 1120 3077 F.
1154 3028 1264 3078 sublime
1279 3030 1441 3094 perfectione
1458 3026 1491 3077 B.
1512 3054 1537 3063 -
1558 3034 1679 3094 utruque
1696 3029 1831 3095 adipisca-

659 3099 705 3143 tur
727 3093 895 3143 exercitatio
920 3091 972 3141 Rl.
1139 3097 1164 3144 Β.
1200 3095 1276 3145 cuius
1299 3096 1408 3146 uirtutes
1431 3101 1506 3162 (sup.
1527 3093 1593 3144 edd.
1620 3097 1690 3155 uita)
1716 3096 1767 3145 Rl.
1795 3123 1830 3134 —

658 3159 1497 3289 ”imiimi“ii&¹¹²⁰rl³l'“l⁶2⁸nl‘n'.f⁰ii'dhl⁸ll·
1510 3160 1628 3280 illst?
1640 3162 1697 3279 ll·
1711 3164 1750 3265 -‘¹
1757 3163 1830 3282 tt}

658 3234 805 3345 hilum.
841 3243 935 3345 iich)
952 3321 986 3331 -
1008 3244 1135 3347 duminio
1152 3294 1186 3345 B.
1205 3323 1237 3332 -
1250 3264 1406 3348 ‘nusoeunt
1424 3294 1461 3357 (F
1478 3311 1549 3347 corr.
1568 3295 1596 3346 in
1612 3266 1702 3355 hausi)
1721 3295 1774 3346 Hl.
1795 3323 1830 3333 --

659 3362 713 3414 otio
730 3361 877 3430 sapientiae
892 3361 943 3412 Rl.
988 3362 1137 3429 sapientius
1154 3362 1232 3423 (edd.
1250 3378 1267 3414 a
1285 3380 1341 3415 sec.
1359 3380 1394 3415 sn.
1412 3365 1479 3424 ctio)
1497 3362 1528 3413 F.
1570 3364 1708 3430 snpientia
1724 3364 1777 3415 otio
1796 3361 1829 3413 F.

657 3429 784 3497 sapienti
801 3431 854 3480 otio
872 3429 1090 3493 „memhranue“
1107 3429 1183 3480 Mod.
1202 3430 1221 3482 l.
1237 3447 1261 3480 c.
1289 3458 1323 3469 -—
1350 3431 1460 3483 deditos.
1479 3438 1508 3483 ut
1525 3431 1630 3482 chundo
1646 3431 1778 3483 deditos
1795 3429 1826 3482 F.

837 3496 1439 3633 uersusucessuum,s.
1456 3497 1751 3619 siricum:
1768 3497 1829 3618 rus

691 3735 717 3783 6.
748 3732 1105 3798 optimnconscieutinedote
1118 3740 1218 3785 erectus
1269 3739 1325 3796 tes,
1361 3733 1483 3786 alterum
1508 3734 1543 3786 ed
1571 3732 1662 3801 ipsum
1684 3733 1826 3786 hominem

657 3801 694 3852 ud
712 3798 818 3866 supero]
842 3800 884 3852 Ci.
900 3801 926 3864 1,
946 3805 975 3861 8,
994 3805 1020 3850 6.
1038 3802 1085 3867 qui
1102 3802 1218 3854 decreuit
1267 3800 1378 3854 reiensi.

656 3884 684 3920 se
701 3869 849 3935 acciperis
873 3870 1034 3937 cogitatione
1054 3877 1218 3937 purgasset
1301 3874 1327 3920 8.
1361 3869 1545 3936 eonscientiae]
1567 3868 1627 3920 via.
1645 3873 1701 3920 not.
1719 3868 1754 3920 ed
1770 3867 1783 3934 5
1798 3872 1825 3918 6.

656 3935 773 4002 quodem
801 3936 974 3988 humanorum
1000 3939 1073 4005 iugo
1100 3938 1162 3989 solis
1189 3954 1217 3989 sc
1301 3938 1429 4005 multique
1454 3937 1513 4003 olis]
1541 3935 1645 3998 „Telis
1673 3937 1725 3987 ille
1751 3936 1826 4003 epod

656 4005 768 4054 inserere
788 4002 894 4054 diuinis.
908 4032 943 4042 ·-
966 4005 1132 4057 Conscientia
1147 4007 1176 4056 h.
1195 4006 1214 4056 l.

655 4070 779 4121 solerter
797 4071 831 4120 sd
850 4070 937 4122 enimi
955 4071 1088 4130 indolem.
1107 4073 1144 4123 ci.
1160 4073 1174 4139 ᾗ
1188 4077 1214 4122 8.

656 4139 698 4187 De
722 4136 779 4187 elio
802 4137 887 4188 huius
915 4139 1085 4192 substantivi
1116 4146 1144 4190 et
1166 4138 1216 4191 nd-

1267 4005 1401 4056 Tscitum
1433 4004 1519 4071 [llist.
1546 4004 1597 4066 IV,
1627 4008 1667 4064 5.)
1693 4002 1824 4054 Priscus:

1267 4074 1408 4125 Heluidius
1427 4074 1547 4133 Priscus,
1564 4070 1668 4136 inquit,
1687 4072 1825 4139 ingenium

1265 4141 1377 4191 inlustre
1391 4140 1529 4189 altioribus
1543 4138 1639 4189 studiis
1655 4138 1758 4189 iuvenis
1774 4138 1827 4188 od·

655 4203 753 4257 iectivi
783 4207 903 4257 conscius
932 4222 985 4257 usu
1014 4206 1071 4259 vid.
1099 4210 1155 4258 not.
1181 4206 1216 4265 cd
1265 4209 1372 4258 modum
1391 4206 1478 4257 dedit:
1509 4222 1563 4255 non
1582 4212 1612 4255 ut
1630 4205 1762 4271 plerique,
1796 4211 1826 4255 ut

657 4272 716 4325 Sut.
734 4272 757 4333 1,
778 4275 803 4334 9,
822 4277 849 4321 8.

1266 4274 1371 4325 nomine
1386 4289 1467 4341 segne
1484 4274 1565 4323 etiem
1583 4271 1695 4333 celaret,
1713 4271 1760 4322 scd
1774 4288 1825 4337 pso

690 4340 784 4390 devius
795 4338 961 4405 caducorum]
980 4337 1023 4392 Gi.
1037 4338 1061 4403 l,
1072 4344 1098 4402 e,
1109 4342 1134 4390 8.
1149 4356 1216 4406 quo·
1259 4342 1367 4407 finnios
1383 4343 1511 4392 aduersos
1523 4340 1643 4405 fortuita
1662 4355 1716 4389 sem
1735 4339 1825 4405 puhli-

658 4408 721 4459 dam
753 4407 964 4457 humanorum
987 4409 1086 4476 fugo·
1123 4407 1216 4458 Huius
1266 4426 1325 4460 cem
1342 4416 1488 4475 capesseret
1506 4410 1580 4459 etc.“
1600 4406 1687 4461 Pons.
1706 4433 1738 4443 -
1758 4405 1825 4456 Orn-

656 4473 876 4526 oonstructionis
902 4473 1030 4540 poetieoe
1052 4475 1123 4525 haee
1146 4474 1217 4526 effe-

655 4547 756 4595 runtur
774 4541 916 4608 exemplu:
945 4540 999 4592 Sil.
1017 4542 1043 4602 1,
1062 4546 1105 4593 57.
1128 4543 1215 4595 lissu-

654 4626 753 4678 pesuns
780 4617 854 4671 astu,
892 4610 938 4659 sed
966 4610 1081 4661 decius
1109 4610 1214 4678 aequi,

655 4677 730 4739 vlu,
748 4682 807 4729 318.
827 4685 935 4744 pectora
952 4678 1162 4739 desistenti,
1187 4683 1216 4728 et

1266 4474 1403 4540 ueniere,
1421 4474 1468 4542 qui
1483 4474 1513 4525 h·
1530 4474 1550 4525 l.
1567 4475 1748 4526 nominantur
1762 4490 1825 4523 cuns

1263 4542 1331 4596 eliis
1347 4542 1489 4594 nonnullis
1507 4547 1708 4594 commemoret
1725 4540 1825 4593 Cicero

1265 4612 1300 4662 de
1319 4616 1390 4662 oret.
1409 4609 1460 4672 111,
1479 4613 1520 4671 15,
1538 4614 1579 4660 56.

1298 4679 1338 4730 ita
1350 4679 1437 4729 Rome
1451 4677 1570 4743 nesciuit]
1588 4676 1665 4741 „Nos
1681 4680 1823 4743 receptam

656 4746 741 4797 Most.
762 4744 870 4810 capell.
896 4743 952 4806 lll,
982 4744 996 4809 ξ
1017 4747 1077 4794 222.
1099 4744 1216 4797 decius
1264 4745 1414 4797 lectionem
1433 4744 1503 4813 [non
1519 4744 1640 4812 nesciuit]
1658 4761 1712 4796 nou
1733 4752 1825 4796 mutn-

654 4814 862 4933 promissies.
898 4810 1039 4862 Similiter·
1053 4810 1216 4864 Macrobius
1265 4813 1370 4865 simuss
1395 4819 1424 4863 et
1441 4812 1534 4878 placet
1550 4828 1584 4863 se
1600 4814 1636 4864 ob
1655 4813 1824 4879 praeceden-

672 4921 680 4946 7

697 4885 743 4943 18,
762 4885 787 4931 2.
807 4880 879 4931 dixit
896 4880 1033 4930 literarum
1050 4880 1182 4947 profanis.

689 4947 854 5014 subvenetus]
880 4946 936 5013 Qui
959 4946 1134 5013 scripserunt
1154 4948 1215 4999 sull-

656 5016 773 5081 uehitur,
792 5016 812 5066 ii
832 5022 947 5081 propter
965 5014 1134 5066 antecedens
1153 5031 1216 5065 ves-

656 5085 723 5135 bum
738 5084 806 5135 cedit
824 5085 850 5147 (i
867 5088 907 5144 5.)
925 5082 980 5133 hoc
994 5083 1099 5134 iecisse
1117 5080 1215 5134 videu-

657 5157 712 5202 tnr.
747 5150 782 5200 At
799 5156 953 5218 temporum
969 5150 1109 5203 dissensio
1127 5150 1217 5202 nonsi-

657 5234 720 5269 nem
737 5215 874 5280 offendet,
892 5218 939 5285 qui
957 5218 1069 5286 quidem
1088 5218 1214 5271 couside-

657 5284 765 5339 rnresit
790 5284 910 5338 alternus
932 5288 1048 5342 sethum
1069 5286 1104 5342 ud
1127 5287 1218 5341 virtu·

1264 4880 1315 4943 tie,
1329 4879 1378 4933 uhi
1394 4879 1467 4932 inter·
1481 4880 1622 4932 Romanos
1636 4887 1825 4932 memorantur

1263 4947 1369 5012 Numa,
1406 4947 1527 5000 Catones
1556 4950 1652 5011 nmho,
1687 4948 1825 5013 multique

1264 5016 1316 5069 alii
1331 5015 1379 5084 qui
1396 5020 1425 5068 et
1441 5015 1653 5083 philosophiam
1670 5016 1826 5067 hauserunt

1265 5082 1353 5136 ultius
1376 5090 1405 5136 et
1432 5082 1638 5136 firmamentum
1662 5084 1704 5135 rei
1731 5081 1826 5149 puhli-

1266 5167 1316 5204 cne
1333 5152 1553 5219 praebuerunt.“
1576 5151 1664 5203 Pons.
1682 5176 1715 5188 -
1733 5149 1769 5199 At
1790 5148 1825 5198 de

1265 5218 1327 5271 illis
1345 5219 1401 5271 iem
1417 5236 1472 5271 non
1490 5225 1535 5271 cst
1551 5234 1653 5281 sermo,
1672 5216 1721 5268 sed
1740 5216 1773 5265 ds
1788 5214 1825 5266 iis

1266 5286 1315 5355 qul
1343 5287 1395 5343 soli
1420 5286 1569 5357 sapientias
1591 5286 1645 5340 otio
1671 5282 1755 5337 dediti
1780 5283 1825 5337 iu·
