5092 6425
710 896 783 940 uxrs
1150 869 1483 972 PROLEGQMENA.

745 1050 791 1097 tur
810 1056 890 1110 quam
908 1043 936 1095 in
954 1041 1063 1105 reliqua
1082 1041 1190 1092 codicis
1209 1046 1305 1108 parte,
1334 1046 1364 1093 et
1382 1055 1397 1092 e
1415 1040 1511 1105 specle
1530 1037 1739 1093 obsole'taiolii
1756 1041 1886 1094 XXXl'l.
1903 1047 1932 1093 et

744 1130 928 1194 sequentium,
945 1134 974 1179 et
993 1143 1028 1178 ex
1047 1128 1398 1193 inscriptione:‚;,blber
1415 1128 1486 1178 iste
1504 1132 1658 1184 sanctae
1677 1129 1809 1179 itariae
1830 1136 1937 1199 sauci

746 1216 839 1278 tique
859 1214 1067 1266 Corbiniani
1084 1212 1269 1277 Frising.“,
1288 1227 1359 1276 quae
1375 1212 1481 1284 legitur
1494 1212 1527 1266 iu
1543 1213 1620 1263 loliis
1636 1214 1659 1263 l.
1674 1217 1704 1263 et
1719 1216 1850 1292 XXXVJ.
1877 1219 1933 1265 sed

744 1313 779 1352 ne
809 1284 1001 1352 commentarii
1029 1300 1136 1362 quidem
1166 1299 1304 1349 Macrobii
1335 1310 1370 1348 ex
1401 1311 1457 1349 uno
1488 1299 1641 1362 eodemque
1671 1300 1748 1350 tonte
1781 1300 1934 1353 fluxerunt.

745 1389 869 1448 Namque
891 1386 938 1438 ubi
960 1385 1058 1449 incipit
1083 1385 1145 1436 eod.
1165 1382 1203 1451 0,
1218 1374 1284 1444 (tib.
1301 1377 1321 1432 i.
1345 1397 1407 1446 cap.
1423 1383 1465 1434 11.
1484 1383 1498 1450 ᾗ
1517 1385 1576 1449 21.,
1601 1386 1650 1436 iol.
1669 1387 1739 1437 [tm.
1758 1392 1799 1448 v.)
1819 1393 1934 1440 exstant
1969 1398 1973 1407 ·

744 1473 882 1535 reliquiae
901 1471 1094 1534 inscriptionis
1110 1471 1196 1521 rubro
1213 1472 1311 1521 colore
1330 1469 1438 1533 pictae,
1457 1483 1475 1535 a
1493 1475 1673 1538 correctore,
1692 1478 1723 1524 ut
1739 1475 1868 1539 videtur,
1885 1476 1934 1525 de-

746 1559 837 1620 letae3
857 1557 924 1621 cap.
942 1558 984 1608 id.
1000 1555 1013 1623 i
1031 1558 1056 1608 8.
1075 1557 1171 1607 eadem
1190 1568 1260 1619 quae
1278 1556 1307 1607 in
1325 1558 1387 1605 cod.
1406 1553 1428 1604 0
1446 1554 1623 1621 inseruntur3
1650 1558 1718 1621 cap.
1737 1560 1781 1609 20.
1803 1560 1816 1626 5
1835 1561 1876 1626 a,
1902 1565 1933 1609 ut

747 1643 775 1693 in
798 1643 864 1707 iilo,
887 1644 992 1709 legitur
1009 1642 1171 1711 inscriptio:
1198 1643 1245 1692 litt
1267 1641 1371 1691 sonis
1395 1644 1662 1694 etseltl'rvtttrttt.
1696 1639 1932 1710 licliqua'e‘iliius

747 1729 856 1779 codicis
876 1730 1077 1794 inscriptiones
1099 1729 1128 1779 in
1146 1730 1200 1778 hoc
1218 1742 1272 1779 non
1291 1727 1479 1779 inveniuntur.
1512 1730 1592 1780 Finis
1615 1730 1681 1781 libri
1702 1732 1738 1798 1.,
1770 1733 1863 1797 quiin
1883 1733 1932 1782 iilo

749 1828 804 1865 nou
822 1819 952 1877 notatur,
971 1816 999 1866 in
1016 1819 1070 1866 boc
1088 1816 1122 1864 ab
1139 1815 1256 1878 antiqua
1272 1827 1354 1864 manu
1372 1814 1503 1878 signatus
1520 1821 1566 1868 est
1580 1823 1646 1879 post
1658 1818 1707 1877 lib.
1725 1820 1760 1869 11.
1779 1830 1805 1868 c.
1823 1818 1848 1867 1.
1867 1816 1880 1881 5
1899 1819 1933 1881 1.,

749 1904 799 1952 sed
817 1915 835 1952 a
850 1901 1009 1952 recentiore
1027 1914 1177 1952 manusco
1192 1902 1267 1969 loen.
1293 1899 1344 1950 Ubi
1360 1901 1423 1950 cod.
1436 1900 1458 1951 c
1472 1901 1577 1952 desinit
1593 1903 1674 1967 (pest
1691 1905 1740 1955 tol.
1750 1905 1879 1954 LXXIV.
1896 1919 1933 1967 r.‚

750 1989 798 2039 lib.
815 1989 850 2038 ll.
874 2000 936 2052 cap.
957 1987 998 2052 9.,
1029 1987 1075 2038 ubi
1097 1993 1190 2051 recte,
1219 1989 1250 2036 ιιι
1271 1986 1300 2036 in
1322 1984 1442 2048 integris
1459 1991 1489 2036 et
1511 1989 1602 2050 plenis
1626 1990 1785 2051 codicibus,
1812 1990 1932 2053 iegitur:

748 2090 851 2142 magne
868 2089 991 2124 essenon
1008 2074 1115 2140 poterit,
1132 2071 1202 2138 quod
1220 2071 1357 2123 doctrinae
1371 2072 1536 2139 propesitum
1552 2092 1605 2126 aaa
1622 2077 1709 2129 inians
1724 2077 1753 2130 iu
1770 2075 1935 2143 sequentibus

750 2159 927 2227 apparebit),
950 2159 1101 2224 inseritur,
1133 2161 1164 2208 ut
1187 2155 1214 2206 in
1239 2155 1308 2221 illo,
1329 2169 1396 2219 pars
1420 2159 1565 2220 posterior
1586 2161 1688 2224 capitis
1707 2164 1732 2213 8.
1754 2162 1819 2212 libri
1841 2162 1892 2226 1.,·
1908 2164 1936 2209 et

749 2247 849 2298 deinde
865 2247 1003 2299 aductus
1020 2246 1133 2296 eaedem
1151 2229 1259 2305 figurae
1279 2243 1429 2305 eademque
1444 2243 1580 2308 excerpta
1596 2248 1738 2312 Pliniana,
1766 2236 1817 2298 s'ed
1838 2239 1935 2298 ordine

749 2335 892 2398 paululum
917 2338 1033 2384 mutato.
1070 2328 1281 2391 Videturqcninr
1305 2328 1437 2379 librarius
1460 2343 1529 2383 usus
1547 2345 1614 2385 esse
1632 2335 1732 2386 codice
1754 2333 1835 2384 cuius
1855 2344 1936 2382 unum

750 2422 846 2479 tolium
868 2419 1014 2470 exciderat
1038 2418 1134 2469 borum
1154 2419 1353 2477 ,excerptorum
1376 2415 1496 2478 aliquam
1517 2427 1632 2480 partem
1660 2421 1825 2483 continens,
1857 2431 1936 2481 quam

751 2508 850 2557 deinde
874 2504 947 2555 alius
964 2503 1034 2567 ,quis
1055 2502 1084 2551 ln
1105 2501 1174 2551 tolio
1193 2500 1323 2563 sequenti
1341 2501 1504 2562 supplevitr·
1526 2505 1585 2555 aila
1602 2507 1735 2568 quaedam
1756 2519 1853 2558 enrtrm
1872 2517 1937 2566 pars

749 2593 778 2643 in
796 2590 905 2641 codicis
923 2589 992 2640 lolio
1010 2591 1136 2638 extremo
1152 2587 1283 2648 suppleta
1297 2589 1351 2636 est.
1386 2588 1440 2638 Vel
1456 2572 1491 2638 ei
1513 2591 1556 2642 bls
1578 2605 1649 2655 quae
1669 2594 1751 2645 modo
1769 2591 1855 2643 retuli
1876 2591 1937 2640 ein-

750 2684 797 2727 cet
813 2688 869 2725 non
888 2687 923 2724 ex
940 2674 1003 2735 ipsc
1023 2672 1123 2723 codice
1140 2671 1173 2735 (l,
1190 2673 1244 2731 sed,
1259 2683 1295 2721 ex
1313 2673 1372 2723 alio
1389 2674 1460 2728 bule.
1471 2676 1564 2741 simili,
1585 2676 1704 2744 tinxisse
1720 2677 1836 2729 mediam
1854 2675 1935 2724 buius

750 2760 858 2831 codicis
881 2764 1007 2827 partem,
1034 2758 1117 2822 idque
1140 2753 1322 2808 confirmatur
1348 2757 1412 2820 ipsa
1432 2761 1495 2812 elus
1520 2765 1696 2828 conditione,
1723 2777 1785 2814 eum
1809 2743 1857 2812 bic
1879 2771 1935 2823 pon

750 2854 806 2900 tam
830 2848 985 2897 lacunosus
1008 2843 1047 2894 sit
1071 2856 1151 2906 quani
1172 2843 1230 2893 ilic.
1264 2843 1402 2907 Reliquae
1426 2850 1688 2901 commentariorum
1707 2855 1803 2913 partes
1824 2860 1859 2896 es
1878 2845 1935 2896 aiio

750 2933 849 2985 codice
866 2933 1029 2992 desumptae
1049 2932 1128 2995 suot,
1155 2942 1210 2980 non
1229 2930 1263 2979 ab
1282 2931 1380 2980 eodem
1398 2931 1530 3000 librario,
1557 2936 1683 2987 imisue
1705 2948 1740 2989 ue
1759 2935 1857 2984 endem
1874 2931 1936 2995 qui-

750 3021 811 3071 dem
835 3021 959 3079 tempore
982 3015 1122 3078 scriptae:
1152 3016 1230 3067 nulia
1253 3020 1345 3066 tamen
1370 3022 1435 3079 post
1456 3023 1580 3072 seculum
1602 3023 1666 3072 Xl.:
1698 3034 1760 3072 nam
1783 3033 1818 3070 ue
1836 3019 1866 3075 in
1884 3030 1936 3067 ex-

750 3109 855 3157 strema
872 3102 979 3166 quidem
993 3106 1085 3166 parte,
1106 3115 1178 3166 quae
1197 3102 1342 3165 posterius
1359 3103 1466 3167 scripta
1484 3119 1551 3157 esse
1571 3107 1690 3172 ridetur,
1707 3121 1744 3158 ea
1761 3094 1827 3165 sunt
1843 3105 1936 3166 scrip-

748 3198 829 3243 turae
847 3188 1010 3252 compendia
1028 3201 1100 3253 quae
1117 3188 1278 3240 interiorem
1297 3189 1417 3251 prodant
1439 3194 1569 3252 aetatem.
1602 3193 1700 3244 llinem
1720 3191 1935 3245 commentario-

749 3270 809 3333 rum
827 3277 904 3328 nuila
923 3275 1129 3339 stmscriptione
1152 3271 1340 3339 significatum
1364 3276 1507 3339 excipiunt
1525 3282 1639 3340 praeter
1655 3288 1790 3343 excerpta
1807 3279 1936 3329 Pliniana

749 3375 822 3429 quae
846 3374 932 3425 supra
954 3360 1106 3413 memoravi
1134 3362 1183 3412 iol.
1198 3361 1355 3433 LXXXlV.
1374 3376 1401 3410 r.
1425 3365 1561 3415 nonnulla
1583 3364 1616 3415 de
1637 3350 1862 3419 coniunctionibus
1880 3365 1934 3415 ete-

749 3456 910 3511 meatorum,
927 3461 999 3511 quae
1017 3447 1153 3510 incipiunt
1170 3460 1188 3507 a
1205 3447 1317 3498 verbius
1347 3446 1390 3497 iir
1407 3446 1449 3498 iis
1466 3464 1531 3516 erge
1551 3450 1619 3501 1111.
1638 3452 1771 3502 elementis
1780 3452 1856 3517 fiunt
1872 3466 1935 3501 coa·

749 3533 896 3586 iunctionca
914 3532 985 3584 duee
1002 3534 1144 3585 medietas.
1183 3533 1252 3583 1111.
1267 3532 1446 3595 immediatae,
1464 3540 1493 3584 et
1510 3535 1641 3588 desinunt
1659 3537 1686 3587 in
1704 3540 1789 3589 baec:
1809 3538 1847 3588 sic
1863 3547 1935 3601 nque

750 3626 775 3670 et
791 3626 863 3669 terre
880 3633 945 3678 une,
963 3624 992 3669 et
1008 3619 1124 3669 subiecta
1142 3618 1281 3685 descriptio
1301 3617 1382 3669 dccet
1395 3645 1401 3653 ·
1416 3614 1549 3682 sequitur
1565 3623 1635 3673 lolio
1654 3625 1794 3675 LXXXV.
1824 3626 1935 3684 Expo-

750 3703 837 3755 sitio
861 3704 900 3752 de
922 3704 1121 3769 berologlo,
1150 3715 1222 3765 quse
1245 3702 1343 3766 incipit
1365 3716 1384 3753 s
1406 3706 1514 3756 verbis:
1548 3707 1613 3767 Rem
1630 3710 1752 3775 quaerite
1774 3709 1889 3758 ardenar
1909 3712 1934 3757 et

746 3787 879 3858 parcitati
905 3772 1010 3837 nostroe
1036 3803 1171 3839 eumenen
1192 3788 1297 3838 domiue
1320 3790 1358 3839 mi
1382 3805 1415 3840 ec
1434 3799 1589 3858 praereptor
1612 3794 1762 3846 emmanue
1782 3793 1935 3853 iacisanuus

748 3876 811 3927 dum
827 3888 895 3939 quae
910 3872 1000 3938 potius
1017 3863 1106 3925 vestie
1124 3871 1246 3922 noluntas
1265 3858 1419 3938 destinauit,
1435 3876 1541 3942 exsequi
1555 3894 1691 3929 eme-ur.
1726 3878 1821 3932 Ardae
1838 3879 1934 3944 quippe

748 3967 786 4013 esi
805 3959 874 4011 ratio
892 3956 1034 4024 horologii,
1055 3957 1101 4008 sed
1118 3958 1187 4008 scits
1204 3957 1288 4019 utilis,
1305 3965 1334 4009 et
1350 3961 1453 4012 desinit
1468 3962 1496 4012 in
1514 3964 1598 4020 baec:
1617 3964 1668 4030 His
1685 3964 1724 4016 ite
1742 3948 1821 4015 dictis
1836 3963 1934 4030 probu-

748 4054 793 4102 tur
810 4054 835 4098 et
848 4047 954 4111 sectum
971 4042 1041 4095 tttud
1062 4042 1199 4106 inadebiie
1222 4059 1277 4095 erse
1295 4052 1321 4105 et
1340 4046 1439 4099 dictum
1457 4048 1552 4099 abhinc
1571 4056 1690 4101 nostrum
1714 4049 1846 4099 credibile.
1881 4046 1935 4098 cui

749 4134 955 4198 subiunguntur
977 4130 1121 4207 schemata
1144 4133 1278 4193 quaedam
1300 4133 1335 4183 ad
1359 4132 1480 4197 logicam
1509 4135 1685 4196 pertinentia.
1719 4117 1934 4196 Descriptiones

747 4221 776 4272 in
799 4222 852 4272 boc
876 4218 975 4270 codice
998 4216 1176 4268 inveniuntur
1197 4218 1311 4267 eaedem
1325 4219 1391 4269 tere
1409 4232 1482 4282 qnae
1501 4219 1529 4269 in
1543 4219 1677 4284 ceteris,
1697 4221 1747 4269 sed
1770 4219 1934 4292 diligentins

747 4319 828 4369 quam
845 4305 873 4355 iu
892 4295 1033 4366 ple‘risque
1052 4301 1117 4353 aliis
1136 4308 1201 4369 sunt
1218 4303 1393 4370 delineatae,
1423 4308 1454 4355 ut
1475 4304 1539 4356 inde
1561 4306 1722 4370 desumptae
1741 4305 1798 4355 sint
1815 4305 1933 4355 maxima

747 4404 783 4440 cx
800 4393 880 4451 parte
898 4401 950 4439 eae
968 4402 1037 4452 quas
1055 4383 1117 4438 bule
1133 4388 1266 4438 volumini
1282 4388 1472 4440 subiiciendas
1490 4380 1598 4455 curari,
1617 4390 1741 4453 inprimis
1760 4404 1795 4440 ea
1814 4400 1869 4453 qua
1884 4391 1934 4439 de-

746 4473 907 4523 scribuntur
924 4474 1085 4524 retusiones
1106 4474 1216 4530 oceani.
1251 4467 1414 4536 scripturae
1435 4475 1600 4538 compendia
1620 4475 1649 4525 in
1673 4477 1833 4538 posteriore
1852 4482 1932 4552 parte

745 4562 812 4609 sunt
834 4558 1027 4620 frequentiora
1045 4572 1124 4623 quem
1143 4560 1171 4611 ln
1190 4560 1301 4624 priore,
1324 4560 1374 4609 sed
1391 4561 1646 4627 nusquaniegitur
1667 4570 1681 4611 ‘t
1703 4576 1755 4624 pro
1778 4581 1827 4627 ur,
1855 4566 1933 4620 vele

744 4657 796 4706 pro
815 4660 871 4693 coo.
906 4646 1003 4697 bitere
1025 4663 1042 4712 p
1061 4647 1136 4697 solet
1152 4651 1256 4707 punctu
1283 4644 1406 4711 signari,
1435 4646 1536 4697 literae
1559 4664 1577 4698 a
1597 4652 1627 4697 et
1644 4647 1656 4698 i
1671 4649 1776 4710 passim
1796 4650 1889 4701 literis
1906 4667 1933 4702 m

745 4734 773 4779 et
790 4745 808 4779 u
826 4728 899 4779 inira
916 4731 1016 4782 lineam
1035 4732 1229 4782 adnectuntur.
1265 4723 1458 4784 Gaetulicum
1477 4734 1520 4783 ed.
1538 4736 1627 4784 zeum

710 4813 740 4874 1)
757 4814 1053 4879 salisburgensis
1072 4816 1216 4869 aulicus
1233 4817 1275 4867 38.
1293 4818 1361 4882 (Si,
1388 4830 1462 4868 nttnc
1480 4818 1679 4886 Monacensis,
1701 4822 1931 4874 membranaceus

744 4912 802 4951 sec.
827 4901 906 4967 XV„
933 4901 1060 4951 continet
1084 4901 1161 4953 toliis
1183 4901 1361 4974 CCXXXlll.
1384 4910 1414 4976 et
1435 4905 1648 4956 Saturnalia
1668 4909 1698 4956 ct
1715 4906 1930 4960 commenta·

742 4985 821 5037 rios
842 4986 875 5036 in
899 4985 1070 5037 Somnium
1094 4986 1285 5049 scipionis.
1321 4987 1418 5038 codex
1441 4992 1486 5039 est
1509 4990 1707 5042 nitidissimus:
1740 5002 1859 5045 ornatus
1883 4997 1929 5046 est

740 5071 860 5135 picturis
882 5084 980 5137 margo
1003 5059 1123 5135 paginae
1141 5070 1259 5137 primae,
1279 5077 1309 5123 et
1331 5072 1432 5124 literae
1455 5074 1579 5127 initiales
1601 5076 1774 5142 singulorum
1793 5081 1927 5132 librorum

740 5158 885 5210 coloribus
901 5168 1036 5221 auroque.
1071 5157 1218 5221 scriptura
1234 5171 1291 5210 non
1309 5160 1428 5223 elegans
1443 5160 1550 5223 quidem
1563 5164 1615 5212 sed
1629 5164 1706 5214 lectu
1722 5167 1768 5213 est
1782 5166 1925 5216 facillima.

739 5245 856 5296 Videtur
874 5244 918 5296 bic
933 5242 1051 5295 fluxisse
1068 5255 1084 5294 e
1103 5244 1203 5295 codice
1220 5242 1275 5295 iam
1293 5252 1441 5310 correcto,
1470 5251 1500 5296 et
1516 5249 1632 5312 saepius
1649 5249 1757 5313 quidem
1775 5264 1858 5313 quam
1877 5262 1926 5301 ce-

723 5331 785 5379 reri
797 5331 858 5383 mei
871 5330 994 5384 codices
1009 5330 1144 5399 congruit
1160 5341 1224 5385 οιιιιι
1239 5330 1383 5385 veternus
1401 5333 1581 5399 editionibus,
1598 5334 1717 5399 propior
1733 5330 1825 5387 tanen
1842 5349 1923 5401 quam
