5092 6425
730 893 867 962 COMM.
888 891 933 961 lN
955 889 1082 960 SOMN.
1105 889 1204 958 SGlP.
1246 890 1322 957 LlB.
1343 892 1367 957 Ι.
1411 890 1501 960 GAP.
1520 893 1592 960 ΧΠ.
1612 895 1697 962 XIII.
1759 894 1801 962 75

625 1065 710 1132 enim
733 1085 788 1129 sua
811 1071 912 1128 morte
936 1063 1038 1128 anima
1059 1084 1122 1128 non
1145 1062 1346 1148 extinguitur,
1367 1061 1420 1127 sed
1443 1061 1480 1127 ad
1503 1070 1626 1148 tempus
1645 1064 1800 1131 obruitur:

623 1173 681 1216 nec
704 1149 866 1236 temporali
888 1149 1081 1214 demersione
1103 1148 1286 1214 beneficium
1308 1148 1522 1234 perpetuitatis
1544 1149 1704 1227 eximitur,
1726 1163 1851 1234 cum[sa]

623 1257 732 1303 rursus
755 1257 773 1301 e
801 1256 947 1320 corpore,
986 1235 1039 1299 ubi
1063 1234 1211 1299 meruerit
1231 1234 1414 1319 contagione
1436 1235 1582 1300 vitiorum
1602 1234 1726 1320 penitus
1746 1236 1800 1301 eli·

624 1330 706 1388 mata
728 1321 869 1407 purgari,
910 1319 947 1385 ad
970 1319 1115 1406 perennis
1137 1319 1216 1385 ritae
1239 1320 1340 1385 lucem
1362 1318 1504 1386 restituta
1523 1320 1556 1384 in
1578 1320 1732 1404 integrum
1751 1341 1800 1386 re·

624 1414 772 1474 vertatur.
821 1407 934 1483 Plene,
962 1413 997 1470 ut
1019 1405 1165 1480 arbitror,
1196 1405 1318 1471 devita
1340 1413 1492 1470 etmorte
1515 1406 1636 1471 animae
1660 1405 1800 1472 definitio
1810 1411 1851 1481 18

625 1495 732 1644 liyyuet,
753 1513 848 1579 quam
867 1491 905 1556 de
926 1490 1022 1578 adytis
1040 1489 1254 1576 philosophiae
1270 1490 1409 1555 doctrina
1426 1498 1458 1555 et
1477 1491 1625 1578 sapientia
1642 1491 1800 1559 Ciceronis

655 1601 682 1642 rc
706 1578 738 1643 ia

624 1600 641 1644 θ
683 1600 796 1729 quII.
839 1661 901 1727 Sed
922 1659 1024 1746 Scipio
1047 1680 1104 1746 per
1125 1659 1261 1758 quietem
1285 1667 1317 1726 et
1336 1661 1437 1737 caelo,
1468 1660 1552 1747 quod
1573 1661 1606 1726 in
1627 1662 1799 1748 praemium
1831 1669 1847 1734 l
1878 1730 1885 1749 ¹

625 1749 707 1815 cedit
724 1747 832 1824 beatis,
851 1753 883 1813 et
903 1746 1108 1832 promissione
1129 1746 1358 1812 mmortalitatis
1379 1747 1533 1812 animatus
1552 1755 1614 1812 tam
1634 1748 1798 1834 gloriosam

625 1856 714 1922 spem
737 1842 864 1919 tamque
890 1832 1035 1918 inclytam
1063 1831 1160 1916 magis
1185 1832 1346 1917 magisque
1373 1832 1506 1898 firmavit
1528 1832 1594 1899 viso
1621 1841 1724 1920 patre,
1760 1833 1799 1899 de

625 1942 691 2005 quo
709 1927 814 1985 utrum
835 1917 976 1995 rivaret,
1004 1938 1075 1982 cum
1099 1916 1199 1983 adhuc
1225 1916 1384 1984 videretur
1405 1917 1560 1996 dubitare,
1598 1919 1802 2004 quaesiverat.

625 2007 764 2071 Mortem
785 2003 879 2089 igitur
897 2002 989 2068 malle
1011 2001 1128 2088 coepit,
1148 2010 1185 2068 ut
1203 2002 1336 2069 viveret:
1364 2024 1422 2069 nec
1440 2003 1530 2068 flesse
1548 2012 1712 2071 contentus
1733 2004 1800 2072 viso
1828 2007 1851 2074 2

625 2099 753 2176 parente
777 2111 870 2175 quem
892 2087 1064 2154 crediderat
1085 2087 1271 2168 extinctum,
1301 2089 1356 2153 uhi
1374 2088 1459 2173 loqui
1482 2109 1572 2174 posse
1591 2090 1709 2176 coepit,
1740 2089 1800 2156 hoc

627 2177 762 2261 primum
785 2175 916 2261 probare
941 2173 1054 2248 voluit,
1088 2173 1164 2237 nihil
1186 2195 1219 2238 se
1240 2174 1337 2259 magis
1360 2172 1533 2239 desiderare
1560 2194 1652 2260 quam
1674 2183 1711 2240 ut
1729 2196 1801 2240 cnm

628 2282 667 2325 eo
687 2260 748 2324 iam
767 2268 949 2324 moraretur.
989 2259 1055 2326 Nec
1072 2265 1176 2324 tamen
1195 2259 1277 2344 apud
1298 2280 1332 2324 se
1352 2279 1431 2344 quae
1450 2258 1643 2325 desiderabat
1662 2259 1802 2324 iacienda

629 2345 791 2411 constituit
809 2352 990 2430 antequam
1009 2344 1198 2410 consuleret:
1230 2365 1364 2444 quorum
1387 2364 1485 2410 unum
1507 2343 1704 2430 prudentiae,
1726 2344 1802 2409 alte·

629 2452 699 2496 rum
721 2430 843 2515 pietatis
866 2429 998 2495 adsertio
1019 2438 1075 2496 est.
1118 2430 1210 2495 Nunc
1234 2451 1300 2516 ipsa
1325 2431 1372 2496 vel
1395 2429 1584 2495 consulentis
1610 2429 1659 2495 rel
1685 2429 1801 2517 praeci·

629 2517 742 2602 pientis
763 2516 855 2581 verha
875 2524 1052 2582 tractemus.
1097 2515 1231 2594 Quaeso,
1250 2518 1390 2604 inquam,
1409 2527 1497 2602 pater
1515 2516 1697 2582 cananense
1715 2527 1802 2603 aptae
1830 2515 1852 2581 3

629 2614 761 2688 optnnee,
794 2604 936 2690 qnoniam
956 2602 1029 2667 llaec
1049 2613 1090 2667 est
1109 2603 1185 2677 vs'ta,
1214 2613 1250 2667 at
1268 2603 1447 2689 Africanam
1466 2601 1559 2667 audio
1578 2602 1689 2679 dicere,
1725 2601 1852 2689 qaidlss]

627 2688 787 2752 marescis
815 2689 926 2752 terris?
959 2689 1034 2774 qni'n
1061 2687 1120 2752 lna
1140 2688 1181 2752 ad
1201 2710 1253 2753 aas
1273 2689 1376 2754 venire
1397 2689 1555 2775 propero?
1595 2689 1666 2756 Non
1689 2699 1731 2752 est
1748 2688 1802 2765 ita,

628 2775 725 2860 inquit
746 2774 802 2838 ille.
858 2773 930 2840 Nisi
951 2775 1031 2837 enim
1054 2794 1121 2837 cnm
1141 2773 1214 2838 dens
1233 2775 1277 2852 is,
1317 2776 1404 2839 caius
1423 2773 1479 2838 hoc
1499 2773 1638 2861 templana
1658 2784 1699 2838 est
1717 2795 1803 2838 osane

629 2860 708 2946 qnod
730 2859 892 2945 conspicis,
920 2859 985 2923 istis
1006 2870 1033 2923 te
1054 2861 1190 2945 corporis
1211 2860 1352 2926 caestodiis
1371 2860 1554 2936 laieraoen't,
1582 2859 1641 2924 hac
1660 2858 1717 2923 tilii
1735 2859 1802 2924 adi·

628 2956 675 3008 tas
691 2956 797 3030 patere
817 2966 881 3008 non
896 2955 1002 3031 potest.
1049 2945 1193 3009 Homines
1217 2947 1296 3010 enam
1322 2956 1393 3010 sunt
1417 2944 1474 3010 laac
1492 2944 1553 3029 leae
1570 2944 1718 3032 yenerati,
1749 2945 1805 3031 qai
1831 2947 1854 3012 4

628 3041 782 3095 tamenne·
800 3030 886 3093 illam
908 3030 1041 3115 ylolnan,
1078 3052 1163 3117 paen
1188 3031 1221 3095 in
1244 3030 1350 3117 templo
1372 3030 1576 3095 loc-medians
1597 3030 1692 3105 cades,
1726 3051 1804 3128 qnae
1835 3110 1838 3117 Ι

628 3126 710 3180 terra
731 3117 860 3180 dicitnr:
893 3115 941 3179 liis
960 3137 997 3179 ne
1016 3116 1135 3180 ananus
1156 3115 1244 3179 datns
1264 3127 1306 3181 est
1326 3137 1366 3180 en
1389 3115 1449 3180 siles
1467 3116 1654 3201 sempiternis
1674 3115 1803 3201 iynsbsas‚

632 3223 707 3287 qnae
725 3200 825 3265 sidero
852 3211 879 3266 et
899 3137 996 3266 steilas
1017 3201 1143 3279 ocean,
1180 3224 1255 3289 qaae
1279 3200 1415 3288 qlohosae
1440 3210 1466 3266 et
1494 3200 1657 3277 rotundae,
1691 3199 1804 3265 dioensis

631 3287 780 3352 animatae
807 3286 966 3363 mecam,
997 3287 1093 3352 circos
1117 3309 1188 3351 snos
1214 3288 1354 3373 orbesque
1380 3286 1540 3371 cmsficiant
1571 3285 1715 3351 eeleritate
1735 3286 1802 3352 imi·

632 3371 730 3435 sedili.
788 3370 890 3447 stare
911 3383 937 3437 et
958 3372 1027 3447 tihi,
1059 3372 1163 3448 Pnhli,
1200 3383 1226 3436 et
1241 3373 1308 3459 piis
1329 3372 1464 3436 omnchns
1485 3370 1659 3435 retinendas
1683 3368 1803 3435 animus

633 3467 676 3520 est
694 3457 729 3521 in
746 3457 881 3521 caestodia
899 3458 1049 3544 corporis,
1073 3480 1127 3521 neo
1148 3457 1268 3523 iniussn
1290 3457 1369 3535 eins,
1391 3479 1411 3520 a
1432 3476 1490 3542 qno
1510 3455 1560 3519 ille
1585 3466 1626 3519 est
1646 3453 1729 3520 colas
1748 3454 1804 3519 dc·

633 3553 689 3620 tas,
711 3564 750 3607 erc
773 3542 927 3609 leoninum
947 3544 1010 3609 aila
1027 3542 1221 3630 aciprandum
1242 3552 1291 3623 est,
1312 3565 1351 3609 ne
1369 3563 1479 3608 manas
1499 3540 1689 3627 adsiynatam
1710 3564 1731 3605 a
1748 3540 1803 3607 deo

1430 3664 1515 3728 [nal.
1534 3662 1738 3734 ricahgspdah.

633 3766 684 3804 aaa
701 3758 783 3806 morte
800 3750 844 3813 (in
861 3767 920 3818 mg.
939 3749 1005 3803 add·
1028 3750 1133 3812 anima)
1151 3749 1203 3803 Ra.
1221 3777 1255 3790 -
1275 3751 1441 3804 dimersione
1456 3749 1488 3803 F.
1507 3777 1542 3789 -
1558 3750 1711 3820 heneficium
1729 3750 1806 3817 (sup.

634 3819 662 3885 a)
684 3819 735 3871 Rss.
762 3839 790 3858 -ι
811 3821 901 3872 marai
907 3826 917 3873 t
933 3819 963 3871 h.
980 3845 1013 3858 ·—
1032 3827 1058 3873 et
1074 3820 1115 3870 dc
1132 3828 1215 3873 snorte
1230 3834 1297 3887 vag.
1317 3848 1346 3858 -
1368 3820 1512 3885 diffinitio
1527 3817 1587 3871 FG.
1605 3848 1639 3859 -
1657 3819 1690 3870 de
1706 3818 1808 3871 adntis

633 3887 728 3952 „Ms.“
764 3888 796 3940 de
810 3887 902 3941 aditis
917 3886 993 3955 (sup.
1009 3887 1131 3954 abditis)
1147 3886 1180 3938 F.
1216 3887 1249 3940 de
1263 3888 1379 3941 abditis
1394 3887 1467 3940 Bran.
1484 3887 1520 3956 (g
1536 3886 1566 3940 irs
1580 3887 1654 3956 ως.)
1669 3892 1743 3939 —et
1760 3903 1807 3938 sa·

651 3956 733 4008 ientia
755 3972 854 4007 cmv.

630 3972 649 4023 Ρ
700 4022 796 4105 XIII..
817 4024 905 4091 Caput
922 4021 1003 4104 XIII.
1039 4021 1298 4104 {Ioniaemodnplici
1312 4021 1417 4074 satione
1431 4020 1513 4073 moris
1531 4020 1659 4087 prienam,
1678 4018 1703 4070 si
1715 4018 1807 4099 aniana

633 4088 1168 4225 cess:scicitn‘tcnaan
1184 4104 1338 4224 cassan
1353 4090 1443 4208 :tic
1457 4086 1809 4205 incoenata

633 4225 803 4291 posteriorem
817 4225 889 4275 'lianc
907 4227 1026 4280 annilius
1045 4225 1237 4293 appetendam
1268 4225 1384 4291 priorem
1400 4220 1582 4274 arcessendam
1599 4237 1653 4272 non
1669 4234 1739 4284 ease,
1759 4220 1808 4272 sed

636 4292 849 4357 exspectandam,
867 4292 948 4343 donee
964 4293 1037 4344 Dens
1055 4294 1112 4360 ipse
1129 4293 1246 4344 animam
1264 4308 1282 4342 a
1296 4306 1402 4358 corpore
1417 4287 1556 4340 dissolvat·
1575 4287 1655 4340 ch·h.

636 4360 661 4408 l.
698 4366 722 4410 et
739 4360 772 4409 in
788 4359 859 4410 coelo
873 4358 986 4428 vilichg.
1008 4388 1037 4398 -
1057 4361 1114 4412 oisc
1129 4366 1263 4427 parente
1279 4357 1311 4409 Ii.
1327 4383 1361 4395 -
1379 4356 1543 4424 quaesierat
1557 4371 1619 4425 v-g.

635 4429 662 4476 2.
697 4426 754 4483 sed
770 4426 816 4477 ahi
832 4424 904 4475 Bran.
922 4454 951 4464 -
967 4442 1046 4493 posse
1063 4430 1147 4495 coepit
1165 4427 1237 4493 loqui
1252 4425 1284 4478 F.
1303 4452 1337 4464 -
1351 4431 1383 4476 at
1399 4441 1429 4477 ec
1445 4424 1501 4475 iam
1518 4429 1587 4485 (om.
1603 4426 1676 4484 cans)
1691 4421 1742 4472 Rl.
1775 4429 1808 4476 nt

635 4509 695 4545 cnm
713 4510 743 4545 eo
762 4498 830 4552 (om.
848 4493 917 4552 iam)
934 4492 972 4544 us
1010 4494 1104 4558 „Mss‘
1140 4494 1208 4556 (iana
1226 4511 1260 4545 ex
1279 4492 1391 4556 ,,Μιι.“
1409 4492 1553 4543 revocarit
1570 4492 1657 4543 (ison.
1675 4490 1711 4542 nd
1732 4489 1761 4553 1,
1779 4493 1807 4553 6,

635 4565 694 4621 66.)
710 4588 745 4599 -
765 4561 819 4614 Nec
838 4567 927 4612 tanen
945 4510 1401 4631 agnini-gneumssmensm3
1420 4558 1508 4624 ,nnn
1526 4559 1649 4627 antiqui:
1667 4558 1740 4625 qnod
1758 4574 1809 4609 ve·

635 4645 697 4680 rum
715 4633 772 4693 est,
791 4627 903 4698 syntaxi
921 4628 1034 4693 eadem,
1058 4646 1113 4697 qua
1132 4628 1214 4681 Ovid.
1231 4629 1299 4680 Met.
1316 4628 1367 4691 IV,
1384 4630 1445 4678 illl.
1465 4627 1520 4678 Nec
1536 4634 1641 4679 tamen
1659 4633 1722 4679 ante
1738 4625 1808 4679 adiit

636 4699 709 4749 etc.“
727 4698 813 4750 Gran.
847 4714 895 4749 nec
913 4705 977 4749 tam
996 4698 1077 4750 (is-z.
1096 4723 1132 4738 -
1147 4704 1301 4763 antequam
1316 4692 1662 4757 FSBsn.HlBsn.Bnn.Is3
1681 4693 1749 4757 „Sic
1764 4690 1809 4745 vi-

637 4766 718 4816 detur
736 4766 887 4833 legendnm
907 4782 969 4817 cum
988 4781 1043 4819 nnn
1060 4765 1198 4817 membr.“
1217 4764 1305 4815 Gran.
1322 4779 1419 4830 ,paam
1436 4769 1498 4815 ante
1517 4761 1707 4814 neaeman.

637 4837 662 4884 3.
701 4834 814 4900 Quaeso]
838 4832 931 4884 Somn.
950 4833 1008 4900 III,
1034 4834 1130 4900 §3-5.
1151 4860 1181 4870 -
1206 4839 1284 4897 pates
1300 4831 1408 4948 inyaam
1426 4829 1477 4881 Ra.
1497 4857 1526 4868 -
1550 4830 1632 4883 acedia
1650 4830 1809 4895 Africanam

636 4900 732 4969 vichg.
747 4929 780 4940 —
793 4918 879 4954 morer
895 4901 949 4951 ΗΞ.
968 4907 1002 4939 -’
1016 4903 1103 4969 inquit
1116 4901 1163 4952 ille
1179 4900 1322 4965 Mean-gb
1349 4897 1526 4951 nnllaan.
1559 4899 1646 4965 inquit
1663 4901 1731 4957 (om.
1748 4896 1808 4957 ille)

636 4986 690 5020 s-z.
710 4987 820 5021 -cam
839 4986 893 5020 om.
912 4967 1011 5020 narn.
1029 4996 1065 5009 —
1087 4968 1192 5022 densis
1209 4965 1336 5017 'l'n.Bsn.
1363 4965 1457 5018 Somn.
1475 4966 1495 5018 l.
1515 4983 1539 5017 c.
1553 4966 1624 5017 Mus.
1645 4980 1734 5031 paenc
1749 4980 1812 5014 om·

638 5053 697 5087 nes.
734 5038 798 5090 deus
813 5043 881 5097 (om.
895 5038 932 5097 is)
950 5036 1001 5088 Rl.
1037 5036 1103 5088 dens
1122 5035 1173 5087 liic
1190 5033 1405 5085 EddFSI’Rffl.
1424 5061 1460 5075 -
1475 5034 1524 5086 lace
1540 5042 1579 5088 est
1595 5034 1721 5102 templum
1735 5029 1808 5082 Il.-

638 5122 778 5171 omneque
795 5105 865 5172 quad
881 5103 977 5172 vichg.
995 5130 1029 5142 —
1048 5103 1098 5155 leis
1113 5111 1140 5156 tc
1156 5103 1283 5155 custodiis
1300 5103 1415 5171 corporis
1434 5101 1507 5155 Brea.
1658 5104 1684 5150 4.
1718 5098 1810 5150 inlice

638 5174 735 5239 templo
757 5172 852 5224 Somn.
875 5171 893 5222 l.
912 5189 936 5222 c.
956 5170 1025 5223 Mes.
1041 5174 1070 5221 et
1087 5169 1156 5222 ΕΝ.
1174 5186 1281 5221 omnes·
1303 5198 1340 5211 ·-
1359 5172 1440 5223 circos
1461 5185 1522 5222 snos
1543 5168 1667 5233 crhespne
1687 5164 1810 5218 ecana.

640 5239 800 5291 sensnm.
834 5239 957 5290 circulos
972 5240 1172 5306 saosorhesqne
1190 5238 1242 5288 vab
1263 5237 1358 5292 Somn.
1376 5238 1397 5288 l.
1417 5254 1442 5289 c·
1460 5237 1531 5288 Mss.
1550 5240 1580 5285 et
1597 5235 1666 5288 Edd.
1700 5233 1811 5285 circulos

642 5307 765 5374 orbesque
782 5322 842 5360 snos
857 5304 935 5375 ichg.
950 5332 986 5347 -
1002 5312 1040 5359 est
1056 5307 1161 5360 animm
1176 5305 1251 5358 FRl.
1265 5333 1300 5346 -
1316 5308 1397 5360 datas
1413 5305 1485 5358 omis
1500 5309 1539 5358 est
1556 5302 1608 5354 Rl.
1625 5331 1658 5343 -
1675 5303 1724 5356 dec
1741 5304 1810 5363 (om.
