5092 6425
1167 847 1305 918 CAPUT
1326 851 1365 918 11.
1821 877 1880 922 ιιι

656 1037 726 1077 anno
743 1023 811 1089 post
828 1018 882 1073 Ch.
901 1036 929 1072 n.
953 1017 1085 1072 00οΧοΙ
1111 1035 1175 1073 cum
1198 1019 1320 1075 Tatiano
1342 1020 1442 1092 gessit·
1479 1019 1580 1076 Comes
1603 1027 1750 1091 praetcrea
1772 1025 1882 1081 ordinis

655 1107 732 1162 tertii
759 1106 789 1159 in
813 1105 931 1172 antiqua
955 1103 1141 1173 inscriptione
1163 1113 1352 1174 nuncupatur:
1380 1113 1408 1162 et
1427 1108 1614 1179 amplissimis
1635 1109 1825 1178 legationibus
1848 1128 1883 1165 es

656 1197 771 1246 senatus
793 1192 907 1245 decreto
930 1191 967 1244 ad
990 1191 1178 1258 imperatorne
1199 1192 1312 1246 iunctus
1334 1198 1386 1247 est.
1419 1194 1546 1263 Denique
1569 1201 1598 1249 et
1617 1195 1795 1249 ethnicorum
1816 1197 1884 1249 deo·

655 1295 726 1344 rum,
744 1294 817 1347 erga
839 1293 910 1346 quos
928 1276 1130 1345 superstitione
1148 1277 1311 1331 incredibili
1329 1296 1440 1348 semper
1456 1279 1600 1348 flagravit,
1617 1280 1776 1348 pontificem
1793 1283 1883 1337 main·

655 1380 714 1415 rem
733 1363 810 1432 egita
839 1368 868 1414 et
887 1361 1008 1414 Romani
1033 1369 1146 1416 senatus
1167 1363 1229 1417 sine
1248 1364 1440 1418 controversia
1459 1364 1591 1433 princeps
1613 1366 1661 1419 diu
1684 1365 1801 1419 habitus
1827 1373 1879 1421 est.

654 1449 811 1502 ituantem
831 1447 880 1500 din
897 1447 984 1512 vixit,
1009 1454 1040 1501 ut
1056 1449 1181 1517 plurium
1200 1449 1403 1519 imperatorum
1421 1450 1563 1503 aetatibus
1582 1451 1738 1517 implicitus
1755 1454 1807 1520 sit,
1832 1453 1882 1507 din

657 1533 741 1587 etium
758 1535 938 1601 multumque
955 1532 984 1586 in
1003 1534 1096 1587 causis
1114 1541 1252 1589 versatus.
1285 1536 1322 1589 Et
1345 1534 1496 1604 postremis
1518 1535 1631 1603 qnidam
1649 1536 1807 1592 Constantii
1828 1539 1882 1592 im·

656 1618 784 1687 perantis
807 1619 889 1673 annis
913 1619 1032 1688 egregia
1053 1621 1088 1673 ad
1111 1620 1300 1688 eloquentiam
1323 1620 1435 1684 indoles
1457 1619 1485 1672 in
1510 1621 1690 1675 adolescente
1711 1623 1882 1692 Symmacho

654 1704 710 1758 iam
728 1705 901 1760 virescebot.
937 1705 1042 1780 hocius
1060 1704 1135 1757 euim
1153 1705 1288 1759 Avianius
1305 1705 1493 1774 Symmachus
1513 1711 1595 1775 pater
1608 1706 1787 1762 Antiochiam
1806 1710 1883 1763 circa

654 1790 683 1843 id
707 1796 821 1859 tempus
846 1792 959 1862 lagatus
982 1792 1016 1844 ad
1040 1790 1235 1845 Constantium
1257 1792 1401 1859 proiectus
1421 1792 1511 1844 multa
1533 1792 1568 1843 de
1590 1791 1644 1844 iiiii
1666 1794 1814 1861 praeclara
1833 1813 1881 1849 ex·

655 1876 833 1942 spectatione
855 1894 918 1929 cunr
942 1875 1062 1928 bibauio
1084 1884 1129 1930 est
1152 1878 1317 1931 collocutus.
1351 1877 1393 1929 Ab
1416 1875 1488 1929 inito
1508 1883 1601 1930 autern
1621 1877 1810 1934 Valentiniani
1829 1881 1881 1934 Se-

656 1960 745 2013 nioris
761 1961 883 2030 imperio
899 1963 1023 2031 adusque
1040 1960 1190 2017 Arcadium
1208 1961 1420 2030 Honoriumquo
1435 1962 1577 2032 Augustos
1593 1981 1655 2016 cum
1678 1965 1788 2034 ingenti
1807 1984 1882 2020 sem·

655 2033 705 2114 p‘er
727 2047 814 2100 lauda
837 2049 929 2100 torum
953 2047 1117 2115 curiamque
1137 2047 1335 2116 frequentavit.
1368 2048 1447 2100 Anno
1470 2055 1548 2102 certe
1571 2057 1635 2118 post
1657 2050 1710 2104 Ch.
1730 2069 1756 2104 n.
1777 2052 1882 2106 CCCIC

656 2132 750 2185 adhuc
767 2133 883 2186 vivebat
899 2133 1100 2203 Symmachus,
1123 2135 1253 2203 quoniam
1269 2134 1393 2202 epistola
1408 2133 1476 2187 libri
1492 2134 1582 2202 quinti
1598 2136 1707 2189 decima
1723 2140 1883 2205 gratulatur

657 2203 812 2271 Theodoro
836 2221 969 2288 adeptum
994 2222 1185 2287 consulatum,
1217 2237 1300 2288 quem
1324 2219 1374 2270 hie
1396 2235 1429 2271 eo
1448 2234 1520 2272 anno
1544 2222 1645 2289 gessit.
1680 2222 1882 2290 Symmachum

659 2319 716 2355 non
739 2305 893 2359 excessisse
916 2305 1027 2359 Christi
1049 2322 1165 2359 annum,
1178 2303 1307 2356 cccclv
1334 2305 1469 2356 censebat
1490 2304 1611 2357 lacobus
1634 2307 1828 2361 Cothoiredns
1853 2311 1882 2363 in

661 2389 727 2441 sius
752 2390 819 2442 vita.
851 2392 904 2444 Sed
929 2391 1005 2444 enim
1030 2392 1086 2443 hoc
1107 2391 1206 2443 eodem
1226 2407 1300 2444 anno
1323 2380 1520 2443 concinnatum
1544 2407 1607 2442 esse
1630 2407 1726 2458 poema
1748 2395 1883 2450 adsersus

660 2473 863 2544 Symmachum
884 2494 901 2530 a
919 2477 1073 2530 Prudentis
1092 2476 1276 2544 proximoque
1299 2492 1372 2530 anno
1390 2474 1496 2528 editum
1515 2475 1659 2529 existimat
1677 2493 1795 2549 magnus
1813 2481 1882 2535 dre-

658 2562 741 2614 ratus
763 2562 792 2614 in
817 2563 1016 2617 Prudentianis
1040 2561 1086 2630 (Ν.
1107 2564 1163 2630 54).
1197 2564 1290 2631 Qudm
1313 2565 1408 2615 sutem
1430 2563 1565 2615 adversus
1590 2562 1728 2618 virentem
1752 2567 1883 2635 Symma-

659 2647 742 2699 chum
761 2648 932 2703 Prudentius
955 2649 1118 2719 arripuerit,
1147 2648 1288 2716 sequitur,
1315 2653 1347 2701 ut
1364 2647 1530 2717 Symmachi
1546 2647 1604 2701 rita
1623 2651 1709 2717 panio
1730 2652 1806 2705 ultre
1825 2655 1882 2708 Go-

659 2733 785 2786 thoiredi
807 2736 976 2789 senteutiam
995 2734 1169 2790 extendenda
1187 2750 1250 2786 esse
1266 2735 1405 2787 rideatur.
1439 2733 1529 2787 Immo
1552 2751 1636 2801 quum
1655 2737 1786 2804 superins
1803 2739 1882 2793 dixe·

658 2817 747 2870 rimus
769 2817 972 2891 Symmachum
988 2821 1072 2890 pirna
1092 2820 1298 2873 adolescentem
1314 2820 1404 2873 inisse
1421 2819 1554 2873 extremis
1569 2820 1726 2875 Constontii
1749 2826 1883 2893 tempori·

657 2903 720 2972 bns,
738 2902 768 2955 id
787 2911 830 2957 est
848 2904 925 2960 circa
943 2923 1045 2959 annum
1060 2904 1197 2969 CCCLX,
1214 2906 1277 2974 ipso
1295 2912 1387 2959 nutem
1405 2904 1593 2973 Symmachus
1609 2905 1638 2958 in
1655 2914 1756 2963 octava
1773 2911 1884 2966 decima

658 2989 866 3058 epistolatibri
884 2990 1026 3059 quertino
1044 2991 1201 3044 insanium
1221 3008 1339 3060 vergere
1359 2997 1468 3044 narret:
1499 2993 1636 3057 ,πωπω
1656 2995 1742 3060 obest,
1772 3005 1802 3050 ot
1818 2999 1883 3052 hoec

658 3076 736 3129 onns's
757 3076 786 3127 s'n
808 3077 909 3130 senium
929 3078 1101 3148 vergentibus
1123 3078 1216 3145 celim,
1250 3078 1396 3132 Candidior
1411 3084 1552 3146 postpunrn
1571 3079 1691 3132 tondenti
1706 3082 1788 3135 barbo
1802 3086 1883 3139 code-

658 3161 739 3228 bot,“
772 3167 916 3232 superest,
944 3168 976 3216 ut
997 3179 1050 3216 non
1070 3162 1211 3216 immerito
1228 3162 1420 3232 suspicemur,
1452 3170 1592 3217 oratorem
1611 3171 1737 3221 nostrum
1756 3169 1882 3238 adusque

659 3247 771 3300 Christi
790 3264 893 3301 anunm
912 3236 1026 3302 circiter
1043 3248 1159 3301 CCCCX
1175 3249 1261 3303 vitam
1279 3249 1410 3303 fortassis
1429 3249 1625 3317 produxisse.“

727 3333 885 3387 Subiiciam
903 3350 975 3401 quae
993 3335 1027 3386 de
1045 3352 1079 3388 eo
1094 3335 1231 3389 indicavit
1246 3334 1376 3404 Heynins
1394 3334 1414 3385 1.
1434 3350 1458 3386 c.
1475 3351 1502 3400 p.
1523 3338 1556 3385 15
1571 3350 1613 3400 sq.

728 3418 914 3485 „senatorem
931 3419 1141 3489 gravissimum,
1159 3420 1358 3488 magistratum
1376 3417 1602 3483 sanctissimum,
1620 3417 1710 3470 civem
1728 3418 1763 3471 ad
1781 3419 1885 3478 bonnm

660 3520 807 3556 commune
819 3512 917 3559 natum
932 3512 1009 3559 recte
1027 3507 1145 3572 diceres,
1162 3507 1302 3557 vocabulo
1319 3503 1384 3557 istis
1402 3502 1574 3571 temporibus
1595 3504 1785 3571 frequentato:
1804 3508 1885 3563 cuins

660 3587 863 3659 integritatem,
882 3592 1061 3659 probitatem,
1080 3590 1263 3643 constentiam
1283 3607 1346 3643 cum
1362 3587 1520 3657 prudentia,
1540 3587 1639 3641 multis
1656 3589 1683 3642 in
1702 3590 1773 3644 lucis
1792 3594 1884 3648 admi-

661 3690 770 3727 rsmnrs
805 3676 891 3728 incide
909 3675 1125 3744 enimintcl-iigi
1144 3680 1251 3742 potest,
1280 3694 1363 3744 quem
1382 3676 1524 3729 lubricum
1543 3691 1574 3729 ac
1598 3676 1787 3742 periculosum
1809 3686 1885 3735 esset

660 3759 734 3812 inter
753 3766 926 3829 temporum,
954 3760 1151 3816 dominationis
1169 3767 1198 3814 et
1218 3762 1301 3815 outae
1317 3762 1492 3829 corruptelae
1512 3778 1626 3814 servare
1645 3744 1761 3816 rectum.
1796 3766 1886 3821 Sena-

659 3846 762 3899 torium
780 3846 979 3900 anctoritatem
999 3853 1028 3899 et
1046 3845 1213 3914 dignitatem
1233 3847 1321 3900 tuitus
1339 3853 1382 3900 cst
1401 3845 1534 3916 egregie,
1563 3846 1592 3899 in
1610 3847 1665 3918 hoc
1686 3848 1762 3900 enim
1786 3851 1885 3903 ordino

660 3931 793 3999 quicquid
821 3939 969 4001 supererat
993 3932 1093 3985 auxilii
1117 3933 1252 3985 adsersus
1281 3932 1480 3986 deminutionis
1509 3932 1642 3985 iniuriam
1671 3941 1700 3985 et
1722 3934 1885 4006 ¹libidinem,

661 4018 875 4083 continebatur,
909 4019 1004 4086 itaqua
1032 4022 1160 4071 senatum
1190 4019 1318 4087 appellat
1343 4026 1447 4087 portem
1479 4018 1588 4069 hamoni
1615 4019 1723 4086 generis
1751 4020 1885 4071 meliorent

661 4103 745 4170 (hipp.
769 4102 794 4169 1,
810 4106 854 4156 52.
872 4104 992 4165 a1.4o.).
1029 4104 1111 4171 Quod
1127 4104 1293 4173 superstitio
1311 4104 1405 4156 ausimo
1423 4102 1485 4153 eius
1505 4108 1562 4153 tam
1582 4102 1641 4152 aito
1659 4100 1818 4169 insederat,
1837 4119 1886 4155 ex-

662 4189 817 4241 cusandum
841 4194 902 4241 erat
924 4191 954 4243 in
975 4189 1035 4244 viro
1059 4190 1213 4258 patriarum
1236 4191 1332 4259 legum
1351 4194 1379 4241 et
1397 4186 1588 4240 institutorum
1606 4185 1819 4238 servantissimo
1838 4203 1887 4239 eo·

661 4275 782 4341 demque
804 4275 940 4328 Pontifice
963 4276 1094 4329 marimo.
1129 4275 1216 4328 Venia
1236 4274 1311 4327 enim
1329 4275 1447 4326 debetur
1464 4272 1507 4335 ei,
1535 4271 1584 4338 qui
1604 4270 1638 4334 ad
1658 4269 1742 4323 fidum
1762 4288 1842 4325 snam
1859 4275 1888 4325 et

660 4358 832 4431 religionem
857 4361 943 4414 reteri
970 4361 1079 4429 antiqui
1104 4360 1229 4414 instituti
1254 4350 1451 4414 auctoritatem
1477 4364 1507 4411 et
1536 4358 1730 4423 sanctitatem,
1758 4357 1783 4410 si
1810 4356 1888 4411 ridet

660 4460 745 4507 nova,
763 4445 815 4497 etsi
832 4446 905 4499 torte
921 4465 973 4515 per
990 4465 1021 4501 so
1041 4449 1122 4515 bona,
1141 4447 1259 4501 meliora
1277 4463 1397 4517 quoque,
1412 4462 1467 4498 non
1487 4444 1567 4497 honis
1584 4445 1693 4498 artibus
1712 4449 1741 4498 et
1757 4444 1888 4498 consiliis

660 4529 764 4586 inferri
784 4535 812 4584 et
829 4532 972 4585 obtrudi.“

728 4616 947 4686 inscriptionem
969 4620 1006 4673 sd
1028 4620 1103 4690 hunc
1121 4618 1323 4689 Symmachum
1341 4616 1528 4685 pertinentem
1549 4632 1565 4668 e
1588 4616 1694 4669 scheda
1709 4614 1888 4669 Scriveriana

660 4703 788 4771 prodidit
801 4705 839 4758 Is.
853 4705 997 4759 Pantanus
1013 4706 1042 4760 iu
1060 4704 1186 4759 auctario
1203 4703 1393 4757 notarum-ed.
1409 4703 1447 4755 11.
1466 4703 1501 4756 ad
1520 4701 1664 4757 Saturnal.
1684 4702 1715 4754 V.
1733 4706 1757 4755 1.
1777 4704 1820 4769 Η)
1855 4702 1888 4755 ln

732 4949 779 5009 ι7)
797 4947 950 5015 Inscriptio
969 4965 1053 5016 quam
1069 4967 1159 5018 nuper
1175 4949 1244 5004 adeo
1260 4948 1290 5001 in
1307 4951 1402 5001 monte
1418 4947 1515 5001 Caelio
1534 4947 1665 5002 effossam
1685 4945 1756 5000 dirit
1772 4946 1889 5009 Romae,

662 5018 734 5070 haee
752 5020 813 5068 ests
847 5015 1219 5089 sescentesimum
1244 5017 1451 5071 SYMMACHO
1474 5017 1504 5068 V.
1522 5016 1556 5068 C.
1581 5015 1735 5085 QUAEST.
1755 5013 1888 5065 Pater.

660 5083 857 5139 PONTIFICI
881 5083 1301 5140 Mn1081.coaancrosst
1330 5085 1509 5139 nucnnlnn
1535 5084 1586 5136 CT
1611 5079 1891 5136 BRUTTIORUM.

663 5152 742 5207 COS.
760 5151 899 5205 conssTl
917 5144 1066 5207 ORDINIS
1083 5154 1217 5206 TERTII
1234 5191 1241 5206 .
1260 5154 1437 5208 PROCONS.
1455 5152 1611 5205 urbicas:
1628 5187 1636 5204 .
1656 5148 1782 5202 PRAEF.
1804 5146 1890 5199 ΗΕΒ.

664 5218 1083 5286 oao1Nn810‚.onnT0a1
1116 5221 1380 5278 ursutt'rlsslrso
1406 5224 1441 5291 Q.
1475 5220 1556 5277 SAR.
1587 5216 1713 5273 meunt.
1744 5214 1889 5269 SYMMA-

665 5288 765 5343 CHUS
789 5287 822 5341 V.
839 5286 870 5340 C.
890 5287 1004 5345 PATRI
1022 5289 1180 5347 orthio.
