5092 6425
825 904 964 972 COMM.
984 904 1029 972 IN
1052 903 1180 972 SOMN.
1202 901 1301 970 suu).
1343 905 1419 969 LlB.
1440 905 1479 970 11.
1523 905 1612 973 GAP.
1633 909 1657 974 1.
1764 910 1822 978 137

656 1076 784 1141 nebant:
826 1075 878 1140 secl
912 1097 1043 1160 sequens
1073 1096 1147 1139 usus
1179 1094 1289 1139 sonum
1324 1075 1488 1141 semitonio
1515 1076 1666 1144 minorem
1701 1078 1879 1170 δίεσινμοε]

658 1161 820 1226 constituit
860 1161 1092 1225 nominandum.
1154 1160 1243 1225 Plato
1282 1161 1480 1226 semitonium
1519 1166 1637 1246 λεῖμμα
1675 1165 1828 1247 recitavit.

658 1248 739 1312 Sunt
773 1247 866 1332 igitur
897 1245 1097 1331 symphoniae
1131 1245 1285 1330 quinque,
1326 1246 1356 1310 id
1390 1255 1437 1311 est
1469 1242 1524 1311 διά
1553 1244 1732 1335 τεσσάρων,
1772 1247 1878 1322 orlaa

657 1330 769 1410 πέντε,
812 1327 867 1395 διά
896 1333 1028 1410 πασῶν,
1072 1326 1127 1394 διά
1155 1333 1270 1394 πασῶν
1295 1329 1352 1395 καὶ
1376 1327 1433 1395 διὰ
1453 1329 1564 1412 πέντε,
1608 1334 1665 1399 καὶ
1694 1335 1745 1412 δὶς
1771 1333 1827 1401 διά

657 1420 780 1481 πασῶν.
830 1417 889 1481 Sed
916 1416 966 1480 hic
996 1425 1145 1481 numerus
1175 1438 1239 1502 sym
1264 1415 1426 1482 honiarum
1452 1418 1489 1482 ad
1519 1421 1665 1485 musicam
1693 1415 1828 1507 pertinet

658 1525 749 1588 quam
772 1502 819 1568 vel
843 1502 934 1566 ssatus
961 1501 1115 1567 humanus
1143 1437 1304 1566 intamihre
1334 1503 1381 1568 vel
1406 1524 1514 1588 capere
1542 1514 1644 1590 potest
1671 1507 1825 1573 humanus

657 1589 794 1665 nuditus:
836 1588 919 1652 ultro
942 1595 1045 1652 autem
1069 1609 1102 1652 se
1123 1587 1222 1652 tendit
1245 1587 1424 1653 harmoniae
1445 1589 1583 1656 caelestis
1604 1593 1752 1670 accessio,
1795 1593 1825 1658 id

657 1682 703 1738 est
729 1693 829 1757 usque
857 1674 895 1737 ad
925 1681 1035 1757 quater
1064 1666 1119 1737 διά
1139 1675 1254 1737 πασῶν
1274 1673 1331 1737 καὶ
1352 1670 1408 1736 διά
1432 1671 1536 1738 πέντε.
1585 1677 1675 1743 Nunc
1702 1678 1825 1744 interim

656 1759 694 1823 de
716 1759 765 1823 his
787 1780 864 1843 quas
886 1758 1114 1823 nominavimus
1136 1758 1331 1824 disseramus.
1375 1759 1562 1844 Symphonia
1585 1758 1639 1826 διά
1660 1761 1876 1848 τεσσάρων25

656 1852 775 1909 constat
796 1844 834 1908 de
854 1843 976 1908 duobus
998 1845 1079 1908 tonis
1101 1851 1132 1909 ct
1152 1843 1338 1921 hemitonio,
1371 1854 1406 1909 ut
1432 1846 1578 1912 minuties
1606 1869 1685 1934 quaa
1712 1849 1828 1914 addita-

657 1938 762 1994 mento
784 1935 856 1994 sunt
877 1929 1102 2015 relinquamus,
1124 1951 1163 1994 ue
1187 1929 1399 1995 difficultatem
1420 1952 1574 2009 creemus,
1595 1943 1627 1998 ct
1649 1933 1684 1999 fit
1703 1957 1740 2000 ex
1763 1935 1828 2022 epi·

1453 2168 1538 2230 [Ειλδ.
1558 2167 1760 2240 vicahgsprlzh.

659 2254 687 2300 ct
715 2250 784 2300 Era.
812 2251 877 2302 rell·
912 2278 946 2288 -
979 2256 1172 2319 sonaim-tono
1197 2251 1323 2302 minorem
1352 2250 1386 2301 G.
1417 2280 1452 2289 -
1487 2254 1592 2319 lpmrna
1618 2254 1651 2307 Β.
1703 2256 1777 2306 lima
1806 2254 1832 2305 C

659 2319 714 2369 112.
767 2319 876 2369 limina
896 2324 970 2386 [sup.
995 2319 1099 2377 limma)
1122 2318 1156 2369 G.
1211 2320 1302 2369 limma
1329 2319 1395 2369 Mas.
1419 2320 1483 2372 rell.
1513 2329 1541 2371 et
1563 2321 1632 2372 an.
1784 2325 1828 2375 24.

659 2387 832 2438 diatesseron
850 2386 967 2438 Rullo.
1013 2388 1201 2453 dputesseron
1217 2385 1249 2436 F.-
1276 2414 1311 2424 ·-
1337 2389 1385 2438 hir
1403 2388 1533 2456 diapason
1549 2395 1619 2450 (om.
1637 2384 1697 2449 acri)
1717 2388 1748 2440 P.
1782 2388 1830 2442 καλ

659 2457 816 2521 disapnson
839 2461 914 2521 (sup.
934 2455 1063 2520 disdinp.)
1082 2455 1135 2506 Rl.
1161 2484 1196 2493 —
1224 2471 1308 2520 quem
1330 2455 1372 2516 (in
1397 2473 1453 2522 mg.
1472 2462 1564 2522 qnam)
1588 2474 1617 2525 g.
1644 2484 1680 2495 —
1710 2458 1781 2509 altro
1803 2457 1829 2508 B

660 2524 703 2574 SP
721 2524 775 2583 (111
797 2539 812 2574 a
831 2540 886 2574 sec.
903 2528 954 2582 m.)
974 2523 1050 2572 11211.
1090 2525 1167 2575 oltra
1189 2521 1304 2573 crura.
1326 2551 1360 2562 -
1384 2525 1503 2575 tetendit
1523 2525 1576 2574 112.
1596 2553 1632 2564 -
1654 2526 1779 2577 accensio
1797 2525 1828 2576 F.

760 2595 803 2642 25.
839 2593 1009 2674 diatesseron
1027 2590 1128 2643 BFRt.
1154 2619 1183 2628 -
1208 2587 1750 2659 centronisBcrssrauorra‚‚a1s.“a.
1784 2610 1829 2646 se·

661 2848 685 2863 ..
719 2812 804 2863 diesin
836 2811 1020 2878 nominabant]
1061 2810 1104 2862 cl.
1138 2810 1220 2863 Theo
1269 2806 1417 2877 τμημάτων
1434 2806 1536 2864 άνίσων
1553 2806 1641 2864 όντων
1656 2812 1779 2877 λεῖμμα
1797 2808 1830 2864 τὸ

659 2881 771 2947 Smyrn.
788 2879 865 2947 laag.
883 2881 911 2930 in
927 2880 998 2931 Plat.
1019 2881 1106 2932 math.
1125 2896 1152 2945 p.
1164 2884 1219 2932 BL:
1270 2877 1383 2932 ἔλαττον
1404 2873 1597 2948 ὀνομάζουσιν,
1632 2873 1676 2932 ὅτι
1698 2879 1749 2931 τοῦ
1769 2874 1832 2946 ἡμί-

661 2947 778 3011 Δίεσιν
797 2946 927 2997 καλοῦσιν
947 2942 1089 3014 ἐλαχίστην
1113 2945 1141 2999 ολ
1158 2946 1220 3014 περὶ
1271 2962 1343 3008 σεως,
1357 2942 1505 2999 άπολείπει.
1543 2948 1621 2999 ldcrn
1645 2947 1714 2999 ihid.
1741 2965 1765 2998 c.
1790 2951 1831 2999 18.

657 3010 837 3080 Ἀριστόξενον
864 3009 896 3063 τὸ
926 3011 1142 3080 τεταρτημόριον
1169 3015 1220 3064 τοῦ
1271 3021 1342 3065 extr.
1361 3009 1418 3080 διὸ,
1437 3014 1542 3081 inquil,
1564 3013 1612 3067 noti
1628 3016 1750 3080 λεῖμμα
1767 3013 1833 3066 τοῦ·

659 3081 759 3146 τόνον,
779 3074 863 3145 ἥμισυ
881 3075 910 3129 δέ
931 3074 1091 3148 ἡμιτονίου,
1108 3073 1146 3139 ῶς
1162 3076 1221 3131 ἐλά·
1270 3098 1320 3132 τον
1343 3077 1393 3131 τὸν
1413 3075 1537 3147 ἀριθμὸν
1560 3077 1702 3147 ω’νόμαζον
1726 3089 1781 3143 (οε.
1803 3078 1831 3132 ολ

660 3162 752 3216 χιστον
783 3141 942 3211 μελωδητὸν
972 3142 1122 3215 διάστημα,
1157 3149 1220 3198 τῶν
1269 3147 1485 3214 μαθηματικοί).
1511 3144 1562 3215 broi
1580 3145 1630 3217 pir
1648 3139 1699 3200 οὖν
1716 3144 1831 3215 εὐσημό-

665 3212 913 3280 Πνθαγορείων
944 3212 1055 3267 δίεσιν
1085 3211 1220 3266 καλοάν-
1270 3232 1341 3265 τατα
1376 3214 1533 3280 δηλοῦσθαι
1566 3212 1617 3297 ripa
1651 3210 1831 3275 Πλάτωνος

661 3300 726 3333 των
744 3278 780 3331 τὸ
800 3281 859 3331 νῦν
876 3277 1086 3347 καλούμενον
1107 3276 1222 3348 ἡμιτό-
1271 3277 1348 3347 οἶμαι
1368 3276 1477 3348 μνῶμην
1496 3277 1526 3333 έν
1548 3298 1658 3341 τοντοις
1674 3285 1733 3343 τοῖς
1749 3275 1832 3349 άριθ-

660 3367 740 3402 νιον.
777 3348 990 3412 11.8ῑομαοοιιο
1010 3349 1221 3400 inThes.s.r.
1270 3352 1347 3415 μοῖς,
1379 3349 1453 3399 undo
1478 3350 1599 3401 fortasse
1620 3357 1700 3399 natus
1722 3355 1766 3400 eat
1787 3366 1833 3399 er·

661 3417 744 3476 δίεσις
761 3416 832 3482 apud
852 3415 1003 3466 Boethium
1022 3417 1059 3482 11,
1074 3422 1117 3469 21.
1135 3417 1224 3468 relect
1271 3433 1320 3467 ror
1340 3414 1494 3481 Macrobii,
1526 3418 1573 3482 qui
1599 3417 1696 3468 limma
1721 3416 1834 3468 Platoni

662 3484 745 3535 δίεσιν
767 3483 823 3534 dici
847 3483 1025 3535 semitonium
1048 3485 1156 3550 minus,
1192 3491 1223 3535 ut
1274 3483 1374 3535 trihnit
1392 3483 1478 3535 etiam
1499 3501 1523 3535 c.
1539 3488 1570 3550 2,
1593 3484 1664 3550 520.
1700 3483 1834 3535 cccm-

662 3546 806 3618 άποτομὴν
824 3551 1002 3602 semitonium
1027 3552 1127 3605 mains.
1162 3551 1224 3604 ari·
1275 3550 1361 3602 sorin-
1383 3555 1423 3616 10,
1443 3556 1467 3603 1.
1487 3569 1569 3619 ηαστε
1586 3553 1666 3605 etiam
1683 3552 1835 3605 huiuamodi

662 3628 807 3671 atoaenum
832 3627 946 3670 secutus
965 3627 1008 3671 cst
1027 3621 1185 3673 Martianus
1204 3621 1223 3672 1.
1273 3620 1444 3672 intervalium
1480 3620 1559 3671 Plato
1597 3622 1706 3672 abusive
1739 3621 1834 3673 aemi·

663 3706 687 3739 c.
709 3689 756 3747 (ad
776 3688 788 3752 δ
807 3691 865 3746 21.)
888 3688 988 3752 etti,
1010 3688 1024 3753 5
1043 3693 1102 3742 933.
1137 3689 1223 3740 lllunr
1273 3689 1413 3751 torrium,
1444 3689 1550 3756 proprie
1576 3696 1663 3741 antem
1692 3682 1835 3754 διάλειμμα

663 3758 754 3806 locum
773 3773 834 3812 cum
854 3754 1061 3810 aliishucnon
1081 3757 1225 3826 pertinen·
1274 3764 1361 3808 occat.
1411 3754 1477 3807 Fuit
1515 3761 1609 3808 autern
1642 3756 1835 3825 Pythagoreis

662 3824 738 3876 tihus
755 3824 852 3875 attulit
870 3824 1002 3875 Zeunius.
1149 3824 1156 3837 '
1274 3825 1373 3890 λεῖμμα
1390 3822 1463 3875 idem
1481 3825 1553 3889 quod
1574 3822 1664 3884 δίεσις.

696 3909 787 3943 sonum
813 3893 949 3943 semitonio
973 3892 1109 3960 minorem]
1144 3890 1223 3944 Cani.
1309 3896 1352 3943 21.
1389 3892 1458 3944 Sunt
1476 3892 1834 3961 igiturspmphoniaeqnin-

663 3968 775 4026 praeter
793 3960 988 4013 Aristoxenum
1007 3970 1036 4013 et
1055 3960 1223 4013 Mattianum
1275 3960 1334 4028 ηαο]
1361 3958 1404 4011 Cl.
1423 3959 1568 4012 censorin.
1587 3963 1633 4022 10,
1656 3964 1683 4010 6.
1705 3960 1836 4027 Sympho-

663 4030 694 4078 ll.
712 4045 751 4078 cc.
770 4027 927 4079 Vitruvium
943 4030 979 4090 V,
996 4032 1022 4079 4.
1044 4030 1155 4080 Diesis
1174 4046 1224 4080 aa·
1274 4030 1336 4079 niae
1357 4028 1488 4095 simplices
1509 4046 1541 4080 ac
1557 4028 1659 4095 primae
1676 4035 1738 4079 sunl
1760 4035 1836 4090 tres,

663 4105 715 4147 tem
732 4103 769 4146 est
788 4097 844 4146 toni
860 4114 925 4162 pars
943 4104 1049 4162 paracta,
1067 4098 1107 4147 ita
1124 4097 1157 4147 in
1176 4097 1224 4147 lte-
1276 4095 1370 4163 quihus
1387 4097 1491 4161 reliqna
1508 4101 1644 4153 constrata
1661 4111 1716 4144 nna
1728 4130 1753 4143 ..
1767 4110 1836 4161 quac

663 4162 799 4213 milonio
824 4165 908 4214 darae
931 4165 1037 4215 dieses
1060 4171 1133 4216 sant
1159 4164 1224 4214 col·
1274 4170 1385 4214 occatur
1403 4158 1448 4213 διά
1465 4154 1617 4226 τεσσάρων,
1640 4161 1697 4210 alia
1716 4196 1740 4211 ..
1757 4177 1835 4226 quara

664 4232 807 4280 locatae.
844 4230 905 4280 Gai.
932 4232 987 4282 vol.
1014 4231 1090 4292 vul,
1116 4247 1142 4296 p.
1166 4227 1235 4281 565
1276 4235 1371 4280 vocant
1389 4223 1435 4278 διὰ
1454 4224 1549 4279 πέντεε
1567 4228 1646 4278 tertia
1665 4235 1702 4279 est
1720 4224 1766 4277 διὰ
1784 4237 1836 4280 πα-

662 4291 693 4347 Ὁ
712 4292 761 4360 μέν
782 4293 913 4359 μουσικὸς
931 4291 982 4348 οάκ
1000 4292 1063 4363 άχρι
1079 4292 1163 4349 τόνον
1180 4296 1228 4348 καί
1277 4294 1341 4347 σῶν.
1375 4294 1467 4346 Etiam
1483 4294 1654 4346 Plutarchus
1672 4295 1706 4345 de
1722 4310 1793 4345 mua.
1812 4312 1837 4347 c.

675 4358 846 4429 ‘paeonico
865 4358 966 4427 μόνον,
1001 4360 1070 4415 atta
1088 4362 1228 4431 καὶμέχρι
1276 4368 1320 4414 22.
1342 4378 1397 4413 non
1420 4361 1476 4414 aiei
1499 4362 1552 4414 has
1574 4370 1631 4415 tres
1653 4361 1837 4431 symphonias

666 4425 806 4488 διέσεως
823 4427 924 4489 ἱκανῶς
944 4427 1121 4498 διαγινῶσνει,
1140 4441 1168 4483 et
1188 4432 1227 4483 si·
1277 4435 1488 4493 commemorat,
1504 4438 1533 4482 et
1546 4430 1676 4482 Martiam
1694 4429 1731 4492 n,
1747 4430 1774 4496 §l
1787 4434 1837 4482 luo

663 4497 746 4551 milia
767 4513 810 4563 np.
831 4497 946 4564 Dionys.
964 4499 1030 4549 Bul.
1053 4500 1087 4549 de
1106 4515 1228 4568 compos.
1278 4505 1307 4551 et
1327 4502 1401 4561 lor„
1424 4498 1489 4561 vll,
1509 4499 1537 4563 §§
1555 4502 1606 4549 133
1624 4503 1652 4551 et
1671 4502 1746 4563 l3l.;
1776 4499 1839 4551 ma-

665 4566 741 4620 vcrh.
762 4582 788 4630 p.
808 4569 841 4615 63
859 4564 893 4615 Κ.
1278 4565 1390 4618 crohius
1407 4566 1468 4632 ipse
1488 4565 1511 4627 1,
1529 4569 1555 4629 6,
1576 4569 1619 4617 43.

703 4635 780 4685 Plato
796 4634 959 4684 semitonium
976 4634 1075 4698 λεῖμμα
1092 4632 1228 4701 vocitavit]
1312 4635 1456 4701 intendere]
1471 4633 1489 4684 i.
1503 4650 1526 4685 e.
1539 4631 1840 4700 intentioncpraierre.

666 4704 752 4755 immo
772 4694 914 4752 hederacia
932 4701 1106 4766 λειφθεῖσαν;
1132 4700 1229 4752 inven—
1312 4706 1355 4753 25.
1393 4701 1556 4769 symphonia
1567 4695 1613 4752 διὰ
1624 4695 1763 4768 τεσσάρων
1774 4702 1838 4769 cte]

667 4772 771 4824 tionem
802 4770 881 4818 illius
909 4769 1029 4819 nominis
1058 4769 1229 4820 Plutarchus
1280 4769 1322 4821 Cl.
1343 4773 1416 4828 ο.2,
1437 4770 1525 4834 518„
1560 4770 1697 4820 Plutarch
1716 4770 1751 4821 de
1769 4786 1840 4821 mua

669 4837 768 4892 tribuit
791 4836 1000 4888 mathematicis
1018 4836 1088 4896 (vid.
1106 4844 1175 4889 nott.
1193 4838 1228 4889 ad
1280 4856 1304 4889 e.
1320 4841 1374 4901 23,
1390 4837 1539 4905 Censorio.
1560 4843 1588 4888 et
1604 4838 1734 4889 Martiae.
1752 4838 1784 4889 ll.
1801 4854 1842 4889 ce.

669 4907 683 4972 ᾗ
705 4911 763 4964 21.)
790 4904 809 4954 i.
835 4922 857 4955 e.
882 4905 1082 4973 Pythagoreis.
1125 4905 1168 4956 Cf.
1194 4905 1228 4958 (le
1312 4905 1464 4972 hemitonio]
1487 4905 1669 4957 Hnuchuiua
1688 4904 1767 4957 socia
1783 4905 1844 4957 ior-

668 4990 713 5026 οη.
738 4989 830 5039 proer.
855 4990 879 5022 c.
906 4978 947 5024 11.
975 4972 1075 5024 τοῦτον
1101 4968 1164 5032 (τὸν
1184 4969 1230 5025 τό·
1279 4989 1353 5025 munr
1381 4990 1467 5038 quum
1493 4972 1568 5025 inira
1594 4991 1691 5025 ornnes
1719 4974 1843 5025 hahenal

669 5046 732 5100 νον)
753 5037 779 5090 οἱ
796 5035 844 5104 μέν
860 5034 1003 5105 οἱρμονιαολ
1024 5038 1087 5106 δίχα
1105 5035 1231 5107 τεμνόμε-
1283 5041 1394 5093 codices
1410 5058 1486 5103 man,
1505 5050 1532 5093 ct
1552 5041 1580 5092 h.
1599 5043 1616 5094 l.
1637 5042 1728 5093 maior
1746 5057 1843 5093 eornm

669 5125 718 5226 tt
731 5106 918 5226 έίέῖἷαέιδέο
931 5102 1232 5227 ίέέῗέέλτλαάέέἷῖΐ
1283 5108 1598 5230 Ρίἷὲῑλὲἲίλέ.“λ”“
1615 5110 1686 5177 ³³²¹
1705 5115 1733 5160 ⁰‘
1747 5112 1783 5159 ²²
1799 5109 1842 5160 ¹⁰'

672 5241 699 5293 oi
718 5238 747 5293 δέ
769 5192 963 5308 Πόέλαηόέέέιοὶ
985 5237 1036 5327 την
1058 5239 1107 5306 μὲν
1130 5243 1167 5303 εἰς
1186 5243 1233 5295 icor
1283 5196 1524 5312 ἕωίοαῶσόρέιαο
1537 5216 1566 5297 iri
1577 5245 1758 5299 alliamenta
1771 5240 1843 5309 sunl]

671 5304 759 5376 τομὴν
789 5302 950 5377 ἀπέγνωσαν
979 5310 1086 5379 aaroni,
1119 5310 1176 5364 τῶν
1204 5307 1235 5366 δέ
1282 5301 1303 5367 i.
1322 5330 1346 5367 e.
1367 5308 1403 5365 τὰ
1420 5310 1562 5379 λείμματα.
