5092 6425
742 876 808 941 auti
1227 868 1438 937 statuatur

751 1048 831 1123 ΨΩ,
850 1040 974 1124 ἔπεμψα
990 1035 1116 1123 πέμψω.
1160 1038 1244 1123 Ergo
1264 1035 1407 1122 λάλησον
1428 1033 1554 1121 spolior
1574 1033 1723 1121 πέμψον
1743 1038 1918 1125 adsignantur

700 1129 839 1201 lasirnul
865 1127 989 1211 utrique
1012 1122 1160 1210 tempori,
1191 1124 1264 1210 quia
1290 1124 1452 1208 utriusque
1476 1122 1562 1207 signa
1583 1122 1832 1191 demonstrant
1870 1128 1918 1191 re

748 1216 790 1281 tia
818 1236 891 1279 roro
920 1230 1050 1297 persona
1079 1209 1176 1293 magis
1203 1210 1352 1275 aoristum
1384 1208 1508 1293 respicit
1534 1228 1633 1293 quam
1666 1208 1838 1277 futurum:
1873 1210 1918 1275 raa

748 1299 830 1365 onim
856 1292 1024 1379 λαληοάτω
1046 1289 1200 1378 πραξάτω
1219 1290 1393 1377 capurisso,
1414 1315 1483 1358 cum
1506 1295 1571 1356 ΣΑ
1594 1293 1665 1365 ΞΛ
1693 1299 1770 1359 ΨΑ
1791 1298 1918 1380 papensi-

749 1407 801 1471 ρες
824 1384 886 1448 sint
906 1376 1071 1465 deplorem
1116 1379 1201 1443 ldern
1223 1388 1313 1444 ssinat
1334 1388 1366 1444 et
1389 1378 1504 1463 plurale
1526 1374 1712 1461 ποιήσατεε
1742 1384 1836 1447 cuius
1856 1385 1918 1446 terli

750 1492 880 1557 persona
902 1488 1009 1533 rursus
1030 1487 1100 1530 cum
1123 1465 1333 1530 additamento
1356 1464 1463 1529 tertiae
1491 1463 1663 1547 singularis
1687 1465 1835 1533 efficitur
1854 1488 1917 1549 sorr·

703 1552 910 1623 11σάτωσαν.
954 1554 996 1617 Et
1021 1559 1057 1615 ut
1077 1549 1136 1614 boc
1166 1550 1247 1615 idem
1277 1560 1415 1634 tempus,
1456 1548 1554 1613 idest
1579 1548 1733 1616 laturum
1762 1552 1918 1639 imperatiri

751 1637 999 1727 puniremini,
1042 1636 1175 1701 sumitur
1196 1636 1329 1701 aoristus
1352 1633 1480 1709 infiniti,
1521 1641 1553 1698 et
1573 1634 1661 1699 nulla
1687 1638 1831 1703 omnino
1857 1638 1917 1703 iiten

752 1733 868 1791 mutata
905 1729 1087 1805 tanturnquo
1124 1730 1251 1786 accentu
1286 1740 1409 1785 sursum
1438 1718 1475 1783 ad
1511 1719 1764 1804 praecedentem
1800 1723 1917 1809 syllabas

750 1820 847 1874 tracto
870 1806 1008 1872 iuturum
1030 1806 1244 1891 imperativum
1271 1805 1426 1891 passivum
1450 1804 1496 1879 iit,
1529 1806 1669 1888 ποιῆσαι
1693 1808 1859 1891 ποίησαι,
1883 1812 1916 1872 ta·

751 1896 847 1977 triam
875 1888 1030 1973 tcitpoac:
1070 1891 1158 1956 cuius
1185 1891 1276 1957 tertia
1303 1910 1433 1976 persona
1455 1890 1489 1954 sit
1510 1888 1548 1953 dc
1572 1891 1669 1957 tertia
1694 1894 1799 1960 activi
1828 1902 1917 1960 motsto

758 1982 789 2043 Τ
807 1978 837 2041 in
862 1980 942 2054 ΣΘ,
977 1971 1142 2059 ποιήσατο
1162 1972 1373 2061 ποιησάσθω,
1413 1974 1493 2039 sicut
1520 1983 1552 2040 et
1576 1982 1704 2043 ποιεῖτε
1728 1984 1917 2046 ποιεῖσθεπ

753 2059 906 2147 ποιήσατε
929 2056 1119 2144 ποιήσασθε.

1074 2148 1174 2213 Xl'll.
1215 2147 1263 2212 De
1284 2144 1479 2212 coniunctim
1500 2145 1603 2212 modo.

840 2232 1041 2301 Coniunctiva
1062 2233 1259 2309 Latinorum,
1291 2252 1370 2318 quae
1390 2225 1588 2296 ὖποτακτικὰ
1610 2230 1840 2315 Graecorum,
1872 2255 1917 2301 aa

753 2342 817 2385 sam
842 2317 980 2384 vocabuli
1003 2338 1041 2383 cx
1062 2338 1123 2383 una
1145 2316 1315 2403 cademque
1335 2317 1453 2402 origine
1474 2317 1659 2383 sortiuntur.
1705 2320 1799 2387 Nam
1822 2343 1860 2387 es
1876 2320 1918 2385 sola

752 2404 969 2471 coniunctione
994 2424 1073 2488 quac
1100 2402 1129 2469 ei
1160 2401 1269 2469 accidit
1296 2402 1508 2468 coniunctivae
1535 2402 1647 2467 modus
1668 2406 1859 2490 appellatus
1878 2414 1918 2471 est:

753 2490 836 2556 undo
866 2497 898 2553 ot
917 2488 1026 2554 Graeci
1053 2482 1270 2553 ὑποτακτικὸν
1298 2481 1354 2551 διὰ
1379 2488 1437 2551 τοῦ
1458 2480 1680 2569 ὑποτετάχθαι
1710 2493 1919 2559 vocitaverint

725 2573 845 2658 ‘lltpud
869 2594 948 2657 quos
972 2572 1030 2639 boc
1049 2573 1143 2639 habet
1165 2572 1364 2659 praecipuum
1388 2571 1437 2637 bic
1457 2571 1582 2649 modus,
1623 2574 1714 2658 quod
1743 2598 1847 2643 omne
1865 2586 1919 2642 tm
1952 2576 1954 2603 ⁵

756 2680 812 2745 pus
834 2658 901 2723 cius
923 2659 1055 2726 activum
1078 2659 1208 2744 primam
1229 2678 1391 2743 personam
1414 2657 1598 2742 singularem
1620 2657 1653 2721 in
1677 2662 1715 2723 Ω
1741 2664 1860 2741 mittit,
1881 2655 1920 2726 tta
1955 2720 1957 2727 .

754 2744 838 2807 ποιῶ
860 2739 921 2807 ἐὰν
939 2740 1103 2826 πεποιήκοι
1125 2739 1183 2807 ἐὰν
1203 2737 1345 2825 ποιήσω,
1388 2742 1465 2807 odeo
1488 2751 1523 2808 ut
1544 2750 1576 2807 et
1595 2741 1647 2807 illa
1676 2746 1783 2813 verba
1807 2746 1921 2834 quaein
1955 2780 1957 2787 ·

756 2832 820 2892 MI
835 2835 1049 2904 amanteum
1072 2826 1110 2892 ad
1131 2828 1213 2892 bunc
1236 2827 1361 2891 modum
1383 2828 1533 2904 venerint,
1553 2826 1683 2893 redeant
1707 2832 1752 2897 ad
1778 2834 1835 2900 illa
1856 2831 1921 2898 ina

756 2912 926 2979 desinentia
950 2912 1122 2999 dequibus
1145 2912 1279 2978 derivata
1303 2918 1391 2989 sunt,
1432 2914 1515 2976 τιθῶ
1537 2912 1650 2994 τίθημι
1675 2923 1710 2980 et
1732 2917 1770 2981 in
1796 2919 1922 2984 conimc

727 3000 819 3065 3tivo
841 2992 899 3062 ἐὰν
921 2998 1020 3076 τιθῶ,
1045 2998 1118 3064 itom
1140 2997 1222 3062 dodoi
1244 2996 1362 3078 δίδωμι
1383 2991 1441 3060 ἐὰν
1463 2997 1552 3061 διδῶ.
1593 2991 1826 3067 ‘movenatur
1849 3003 1923 3069 Grae

706 3098 884 3167 praeperans
906 3083 1036 3169 syllabas
1059 3104 1139 3170 quac
1161 3083 1192 3148 in
1214 3083 1282 3148 aliis
1304 3081 1402 3147 modis
1422 3083 1528 3148 breves
1548 3081 1675 3149 luerunt
1699 3085 1733 3149 in
1760 3109 1824 3154 sua
1852 3086 1923 3153 decli

757 3168 880 3235 natione
902 3168 1091 3255 producunt,
1128 3164 1262 3274 λέγομεν
1283 3162 1340 3233 ἐὰν
1359 3163 1520 3251 atyapw:
1558 3167 1664 3233 sedet
1687 3172 1750 3234 ΕΙ
1770 3173 1923 3261 dipbtbou

755 3277 828 3339 gum
851 3255 883 3320 in
901 3243 963 3337 ἦτα
983 3263 1117 3332 mutant,
1141 3259 1224 3337 tayo
1243 3250 1359 3336 λέγεις,
1381 3248 1440 3318 ἐὰν
1459 3248 1542 3335 λέγω
1565 3246 1622 3317 ἐὰν
1641 3250 1753 3339 λέγης.
1804 3262 1850 3326 Et
1869 3258 1924 3359 quis

756 3351 864 3405 natura
888 3340 1051 3406 verborum
1073 3340 1212 3405 omnium
1234 3339 1314 3424 apud
1338 3337 1471 3404 Graecos
1499 3337 1572 3403 baec
1594 3346 1656 3415 est,
1697 3351 1737 3407 ut
1766 3364 1811 3409 ex
1842 3362 1923 3431 prinu

757 3445 886 3509 persona
909 3424 940 3488 in
963 3427 998 3488 Ω
1019 3424 1199 3491 exeuntium
1225 3424 1358 3490 secunda
1380 3424 1412 3489 in
1435 3423 1510 3488 duas
1536 3424 1654 3489 vocales
1679 3424 1831 3508 desinat,
1869 3430 1923 3496 idco

756 3512 861 3574 ΕΑΝ
880 3511 1065 3575 ΛΕΓΗΙΣ
1090 3530 1161 3576 curu
1181 3509 1353 3595 Iascripto
1380 3517 1451 3594 post
1472 3510 1511 3573 H
1527 3507 1700 3594 profertur,
1737 3521 1777 3578 ut
1806 3515 1924 3583 duaruu

822 3626 876 3678 bis.
893 3627 941 3689 P.]

755 3711 811 3824 1313
814 3710 996 3824 §pigacias
1012 3711 1114 3763 ΕιΙιΙ.Ρ.
1133 3740 1165 3751 -
1185 3713 1265 3780 qood
1282 3712 1419 3780 utrimque
1440 3711 1511 3763 Edd·
1644 3715 1685 3763 13.
1725 3715 1926 3772 KAPAKTH-
1974 3699 1976 3716 i

822 3839 911 3901 Xill,
932 3843 958 3890 a.
991 3841 1050 3893 idco
1069 3837 1119 3892 dcis
1136 3838 1224 3908 imre
1246 3844 1316 3897 ΕΜ.

753 3941 855 3993 roicrri
879 3940 913 3994 sd
942 3941 1035 4010 prins,
1069 3943 1138 3996 illud
1162 3945 1196 3996 ad
1218 3951 1313 4012 posta·
1398 3948 1423 3996 1.
1463 3948 1646 4015 coniunctius]
1682 3965 1724 4001 sc·
1754 3954 1858 4007 acrba.
1891 3951 1928 4005 01.

754 4011 814 4062 rins
833 4010 1048 4064 antistantivnrn.
1364 4029 1388 4065 c.
1411 4016 1450 4072 18,
1471 4017 1484 4082 ᾗ
1501 4022 1527 4068 8.
1546 4035 1624 4069 omnc
1642 4019 1814 4085 optativam.

788 4083 830 4130 1³.
867 4081 937 4133 idern
952 4080 1040 4147 sonat]
1058 4079 1077 4132 i.
1094 4094 1119 4131 a.
1135 4077 1249 4147 „magis
1264 4095 1314 4131 ao·
1397 4084 1553 4152 sortiantur]
1580 4083 1622 4135 ct.
1650 4087 1741 4151 praei.
1779 4088 1827 4140 De
1856 4087 1928 4141 verb.

754 4147 853 4199 sistam
873 4147 989 4216 respicit
1007 4165 1088 4217 quam
1108 4148 1265 4214 iuturum“‚
1283 4155 1315 4200 nt
1364 4148 1383 4199 Ι.
1410 4166 1434 4200 c.
1463 4150 1570 4217 iegitur
1597 4159 1745 4205 traxerant.
1787 4155 1930 4209 Priscian.

753 4231 839 4282 sopra
857 4217 970 4268 dicitur.
1364 4216 1382 4267 l.
1401 4234 1424 4267 c.
1445 4234 1470 4282 p.
1488 4222 1534 4268 821
1556 4219 1591 4269 1²2
1618 4220 1654 4270 Et
1672 4221 1830 4287 sciendum,
1864 4223 1931 4293 qaod

788 4286 829 4334 rt.
864 4293 894 4337 ιιι
919 4319 942 4336 ..
968 4283 1103 4351 prassinum
1125 4281 1192 4350 fiat]
1223 4281 1313 4335 lrumo
1364 4284 1482 4336 omnibus
1512 4287 1596 4338 modis
1623 4287 1686 4337 aliis
1715 4289 1820 4342 sociari
1846 4298 1931 4359 potori

754 4350 887 4401 madium.
1362 4352 1557 4415 sedissemus,
1590 4354 1710 4420 quicum
1728 4356 1867 4410 adversos
1881 4359 1931 4411 lsa-
1974 4387 1977 4396 ·

786 4420 908 4478 faturum
945 4413 1129 4481 imperativam
1160 4415 1309 4483 passivum]
1362 4418 1421 4470 licat
1438 4419 1663 4487 significationes,
1681 4439 1733 4473 non
1751 4423 1785 4474 ab
1807 4443 1867 4478 aaa
1886 4443 1930 4478 sar·

751 4481 799 4532 Sic
818 4480 931 4547 saepius
946 4497 1000 4532 nno
1020 4497 1086 4532 casu
1105 4497 1171 4532 assis
1191 4489 1235 4532 est
1251 4482 1333 4542 bia,
1360 4500 1417 4535 rum
1436 4487 1482 4537 scd
1499 4504 1517 4537 ιι
1534 4490 1783 4542 constructione
1804 4509 1929 4546 noasss

751 4546 879 4611 crublus,
909 4548 1098 4600 atmodorum
1140 4566 1310 4615 cnornmqas
1361 4553 1497 4620 accepit.

749 4614 863 4667 namins
881 4633 930 4682 pro
949 4616 1099 4669 adiectiris
1119 4566 1233 4680 babuit,
1260 4617 1309 4669 ubi
1393 4621 1417 4669 ³.
1453 4619 1537 4670 EAN
1549 4619 1711 4687 ΛΕΓΗΙΣ]
1741 4620 1807 4687 Sic,
1842 4628 1876 4677 ut
1898 4623 1928 4676 is

750 4682 893 4746 ponendus
911 4689 972 4736 arat
990 4684 1143 4752 genitivus.
1178 4683 1263 4735 cac.
1283 4688 1309 4748 9,
1359 4684 1457 4736 codice
1486 4687 1631 4754 leguntur,
1666 4694 1746 4741 erant
1772 4689 1928 4746 scribenda

751 4746 810 4813 §L
834 4765 958 4814 praesens
980 4759 1081 4819 tempus
1099 4786 1125 4802 ..
1143 4752 1216 4802 modi
1237 4752 1309 4803 indi·
1359 4751 1430 4803 baec
1454 4755 1539 4805 verba
1574 4760 1688 4822 psopter
1718 4770 1752 4806 ea
1779 4773 1857 4823 quac
1882 4775 1928 4810 ss·

749 4815 832 4866 catius'
847 4819 953 4883 gesseris
971 4821 1063 4882 activi,
1089 4819 1137 4869 sed
1157 4819 1211 4882 §b
1229 4834 1309 4883 pros·
1359 4827 1492 4885 quantur:
1519 4839 1576 4873 cum
1597 4826 1614 4872 1
1628 4823 1774 4890 adscripto
1789 4833 1870 4892 post
1888 4827 1926 4893 H,

748 4898 807 4934 sans
821 4886 975 4949 passivam,
993 4901 1015 4934 c.
1033 4886 1105 4950 1⁰‚§
1122 4889 1145 4935 1.
1163 4888 1308 4951 perfectura
1358 4887 1393 4938 ssd
1411 4903 1481 4954 quas
1498 4887 1620 4940 zeusius
1638 4889 1785 4942 adnotavit
1802 4891 1925 4946 bsecras

744 4950 881 5017 passivam
905 4956 933 5002 ot
953 4966 1081 5020 praesens
1100 4959 1202 5018 tsaspsss
1217 4954 1308 5019 possi·
1358 4954 1506 5017 „tutorem
1524 4955 1552 5007 id
1569 4956 1641 5024 qaod
1662 4956 1817 5010 etiamnum
1838 4959 1869 5012 in
1888 4957 1925 5012 li·

746 5035 817 5071 oum.
1357 5021 1415 5071 bris
1443 5022 1557 5089 scriptis
1586 5023 1794 5107 antiquioribus
1824 5027 1924 5082 vidoro

779 5084 862 5135 xvu.
903 5084 941 5135 Dc
959 5082 1235 5150 coniunctioosnodo.]
1261 5084 1304 5138 Gi.
1355 5087 1432 5149 licat,
1452 5089 1523 5140 illud
1542 5091 1604 5142 Iota
1622 5098 1753 5158 otiosum,
1775 5094 1853 5159 quod
1872 5111 1924 5148 ao-

744 5151 779 5204 de
798 5153 873 5203 verb.
896 5167 920 5201 c.
940 5156 965 5203 5.
1001 5150 1128 5204 Priscian
1162 5151 1210 5202 lib.
1229 5152 1302 5220 rur,
1353 5155 1922 5228 strihominesvocaatsssbscrs'ptssss,ns!

743 5234 804 5286 esp.
823 5220 857 5270 ds
875 5218 965 5272 modis
989 5224 1017 5272 at
1034 5219 1083 5272 lib.
1103 5217 1207 5284 xvnr,
1240 5237 1301 5290 csp.
1351 5221 1445 5273 vocali
1462 5224 1686 5292 subscribebant,
1704 5227 1753 5280 ssd
1769 5228 1922 5284 adscriba-

742 5286 777 5337 da
793 5287 935 5341 subiunct·
1350 5288 1427 5343 bant.
1462 5289 1520 5346 Noc
1551 5297 1645 5382 tamara
1674 5293 1919 5382 ¹²1¹ssle1’*
