5092 6425
795 903 933 974 COMM.
953 903 997 971 IN
1019 900 1146 972 SOMN.
1167 900 1265 971 scu).
1309 902 1385 968 LIB.
1405 903 1445 968 11.
1489 901 1579 970 GAP.
1602 903 1687 970 xvi.
1764 906 1827 973 209

657 1098 742 1154 mus,
773 1097 842 1162 erqo
864 1075 985 1140 arbores
1012 1095 1076 1139 coc
1096 1082 1266 1148 moventur,
1302 1070 1478 1136 adiciemus.
1519 1071 1580 1140 Set
1599 1085 1756 1141 moverem
1777 1099 1829 1142 cr-

655 1165 756 1228 bores:
792 1183 855 1226 oon
877 1162 971 1246 icitur
992 1160 1095 1224 omnic
1121 1179 1197 1245 quoe
1225 1167 1381 1222 moventur
1408 1158 1497 1221 ersom
1516 1158 1553 1222 dc
1578 1159 1641 1224 loco
1670 1162 1705 1226 io
1732 1162 1830 1229 locum

656 1258 819 1314 concentor.
861 1246 904 1312 Et
925 1246 967 1310 ita
990 1244 1058 1309 finis
1085 1242 1117 1307 in
1141 1242 1258 1308 exitum
1285 1261 1378 1306 senae
1401 1240 1606 1307 conclusionis
1635 1245 1757 1313 erodet:
1793 1249 1832 1316 Si

658 1356 728 1419 erqo
748 1334 868 1398 arborco
886 1331 1046 1415 fatebimur
1065 1329 1182 1394 moocri
1201 1327 1328 1415 quidem,
1347 1326 1400 1392 sed
1418 1337 1488 1413 opto
1510 1326 1570 1391 sict
1587 1339 1678 1407 motu,
1699 1355 1756 1398 cur
1773 1334 1830 1402 too

657 1421 777 1484 cormac
806 1438 960 1501 necemus,
995 1425 1030 1480 ot
1057 1424 1139 1478 motu
1169 1413 1310 1478 essentiae
1338 1435 1411 1477 cuae
1441 1413 1630 1476 conveniente
1657 1423 1831 1486 moventur?

655 1506 742 1570 Haec
761 1509 792 1567 et
813 1502 872 1566 alia
893 1499 992 1566 valide
1014 1499 1206 1576 dicerentur,
1230 1496 1351 1562 etiamsi
1373 1496 1432 1562 hoe
1454 1505 1557 1562 motus
1578 1518 1692 1582 genere
1713 1506 1830 1571 moveri
1841 1509 1881 1578 18

657 1590 850 1659 animanon
880 1593 999 1672 posset:
1040 1605 1110 1649 cum
1138 1603 1212 1650 vero
1243 1589 1275 1647 ct
1302 1603 1414 1667 corpus
1441 1581 1558 1648 enimet
1583 1604 1709 1650 accessu
1733 1594 1765 1652 et
1791 1605 1882 1678 c[1so]

657 1694 787 1758 corpore
807 1679 890 1737 certo
913 1669 1073 1735 constituti
1095 1666 1244 1753 temporis
1267 1667 1335 1752 lege
1356 1666 1507 1744 discedat,
1544 1667 1614 1753 quis
1643 1691 1710 1735 enm
1739 1680 1832 1759 neget

657 1760 751 1825 etiam
774 1758 806 1821 in
827 1757 945 1832 locum,
964 1761 1000 1821 ut
1021 1754 1064 1818 ita
1086 1753 1202 1829 dicem,
1225 1753 1366 1818 moverit
1410 1752 1503 1831 Quod
1524 1759 1629 1819 nutem
1651 1777 1714 1821 non
1738 1779 1830 1845 saepe
1843 1761 1882 1828 19

657 1845 715 1910 sub
735 1863 799 1908 nno
822 1849 962 1926 tempore
981 1860 1137 1905 accessum
1158 1839 1256 1905 veriat
1278 1845 1310 1904 et
1330 1859 1501 1916 recessum,
1529 1836 1680 1907 fecithoc
1700 1842 1831 1929 disposi-

657 1930 702 1994 tio
725 1926 856 1993 archano
882 1934 914 1991 et
940 1925 1080 1990 consulto
1103 1930 1248 2002 naturae,
1288 1945 1368 2010 quoe
1395 1922 1432 1988 od
1455 1923 1595 1989 animalis
1620 1926 1714 1992 vitam
1738 1929 1831 1996 certis

658 2013 789 2080 vinculis
810 2010 1027 2077 continendam
1046 2017 1168 2075 tentum
1190 2008 1312 2074 animae
1333 2008 1438 2073 iniecit
1458 2008 1596 2094 corporis
1617 2032 1771 2093 amorem,
1795 2023 1832 2082 nt

659 2105 742 2165 amet
762 2097 845 2164 ultro
866 2117 929 2195 qno
948 2095 1089 2162 devincta
1112 2101 1169 2172 est,
1190 2115 1324 2180 raroque
1346 2093 1513 2179 contingat,
1536 2116 1575 2160 ne
1599 2096 1684 2163 finita
1706 2120 1830 2186 quoque

659 2185 726 2270 lege
746 2191 895 2268 temporis
920 2182 968 2247 sui
990 2201 1130 2246 maerens
1153 2187 1185 2246 et
1205 2180 1302 2246 invita
1324 2178 1469 2245 discedet
1529 2181 1596 2246 Hac
1624 2204 1687 2269 quo
1710 2205 1749 2250 ue
1776 2186 1882 2253 ‹rb-20

659 2269 808 2344 iectione‚
833 2275 868 2333 nt
887 2267 1035 2345 arbitror,
1063 2265 1211 2331 dissoluto
1232 2264 1271 2331 od
1291 2284 1342 2330 eas
1364 2265 1619 2350 interrogationes
1639 2205 1752 2354 quiirus
1773 2293 1832 2338 nos
1927 2274 1930 2279 ’

659 2355 782 2422 videtur
807 2374 941 2439 urguere
966 2351 1135 2420 veniamus.
1177 2350 1216 2421 Si
1238 2361 1347 2429 movet,
1382 2349 1499 2437 inquit,
1532 2374 1563 2417 εε
1583 2354 1702 2433 ocima,
1729 2356 1831 2445 clc‘qoo

1458 2538 1542 2602 [End.
1560 2536 1764 2609 vicohgepdzb.

659 2626 804 2678 ditamento
825 2623 876 2674 Hi.
900 2650 936 2662 -
962 2623 1061 2676 coedit
1080 2640 1134 2675 ε-ε.
1169 2622 1239 2689 „Et
1259 2626 1315 2676 vet.
1337 2621 1441 2675 condet.
1476 2623 1577 2688 Rect03
1604 2640 1670 2677 nom
1688 2626 1834 2693 praecedit

658 2694 844 2745 adiicicmus.“
867 2691 952 2743 Zenn.
977 2719 1009 2729 -
1034 2693 1133 2744 moveri
1150 2692 1267 2759 quidem,
1295 2692 1342 2743 scd
1359 2698 1423 2758 opto
1442 2692 1567 2758 quidem
1586 2691 1620 2744 Β.
1643 2719 1678 2732 -
1703 2712 1832 2748 commo-

658 2760 1110 2823 nentenotoromoocotcrffl.
1264 2763 1306 2810 18.
1341 2759 1430 2810 caldo
1449 2760 1492 2810 dn.
1528 2760 1638 2823 ‚,cotidc
1658 2759 1726 2813 libb.
1745 2765 1833 2814 rett.“

659 2830 744 2880 Gron.
767 2829 801 2880 ed
826 2845 849 2878 c.
876 2831 923 2891 12,
947 2827 960 2892 ᾗ
982 2830 1022 2878 11.
1057 2828 1193 2894 „Repente
1215 2828 1321 2891 calide,
1348 2827 1422 2893 quod
1444 2833 1474 2878 et
1495 2827 1539 2878 ed.
1564 2833 1619 2880 vet.
1643 2834 1672 2880 et
1694 2829 1833 2883 Macrobii

659 2896 832 2947 consuetudo
849 2894 956 2947 iubet.“
974 2896 1060 2948 Zeun.
1084 2921 1119 2936 -
1144 2912 1206 2946 cero
1222 2912 1317 2964 corpus
1331 2901 1400 2957 (om.
1419 2900 1458 2956 et)
1475 2894 1509 2947 B.
1557 2913 1652 2965 corpus
1667 2914 1728 2950 vcro
1743 2898 1775 2949 F.
1798 2927 1833 2939 --

659 2965 811 3015 constituta
829 2962 864 3013 G.
1031 2967 1072 3014 19.
1108 2964 1155 3014 sub
1172 2979 1225 3014 nno
1241 2971 1357 3032 tempore
1372 2981 1425 3014 non
1441 2980 1521 3030 εαερε
1538 2963 1590 3014 Rs.
1621 2992 1648 3001 -
1672 2967 1747 3030 sarit
1763 2972 1833 3028 [om.

659 3032 721 3090 hoc)
740 3030 774 3081 G.
806 3030 877 3094 feeit
892 3028 927 3078 irc
944 3027 993 3079 hcc
1012 3029 1041 3080 h.
1061 3058 1097 3069 -
1115 3030 1342 3081 terminandam
1362 3035 1438 3095 (sup.
1454 3031 1654 3092 continendam)
1672 3032 1722 3087 Ri.
1745 3062 1771 3072 -
1791 3035 1834 3086 in-

658 3100 720 3150 iecit
737 3112 852 3148 amorem
869 3096 984 3161 corporis
1001 3096 1053 3146 Rc.
1072 3124 1101 3133 -
1119 3113 1170 3162 quo
1188 3097 1311 3148 devincta
1328 3095 1432 3162 scripsi
1448 3113 1463 3146 e
1479 3097 1551 3147 coni.
1586 3098 1646 3149 vid.
1663 3105 1721 3150 not.
1755 3102 1835 3168 qood

660 3168 759 3219 cincta
779 3171 818 3215 εει
840 3162 1008 3214 Pnflrssnn.
1024 3162 1100 3214 Mod.
1119 3163 1138 3212 Ι.
1157 3179 1180 3214 c.
1234 3163 1315 3230 quod
1332 3164 1433 3215 iuncta
1450 3169 1489 3216 εει
1510 3162 1619 3215 BFSRI
1640 3166 1698 3226 (Re
1713 3184 1775 3234 sup.
1791 3170 1835 3221 vel

660 3229 920 3297 oinctko·plG0·
957 3230 1148 3282 cuideor'ncta
1163 3236 1200 3281 cst
1217 3229 1260 3298 hg
1278 3230 1307 3281 in
1326 3248 1384 3297 mg.
1436 3248 1476 3281 uo
1494 3233 1591 3283 cincta
1609 3239 1648 3283 εει
1665 3235 1744 3297 ρῖ-Ιι.
1779 3237 1835 3287 cui

660 3305 760 3354 iuncta
779 3307 817 3351 εει
837 3297 909 3348 coni.
926 3296 1012 3348 zeon.
1047 3298 1110 3349 vio.
1128 3302 1186 3349 not.
1203 3326 1237 3335 -
1254 3298 1393 3365 ratioque
1410 3248 1463 3348 12⁸2.
1481 3326 1515 3335 —
1530 3315 1564 3349 πε
1579 3301 1611 3349 in
1634 3301 1693 3365 nita
1712 3302 1765 3352 He.

660 3375 705 3422 20.
738 3376 768 3421 ut
784 3366 898 3419 arbitror
916 3365 1058 3418 obiectione
1075 3364 1153 3417 RcG.
1174 3392 1209 3403 —
1234 3364 1330 3433 iuquit]
1349 3364 1393 3416 cf.
1411 3382 1434 3415 c.
1456 3367 1501 3431 14,
1520 3365 1550 3433 ἕξ
1569 3369 1669 3418 30-35.
1690 3395 1724 3405 -
1746 3385 1774 3421 ιε
1792 3371 1834 3423 in-

662 3552 823 3614 εαείιαιε,
841 3555 870 3601 ει
888 3548 993 3600 comm.
1010 3548 1034 3614 1,
1049 3553 1076 3615 2,
1093 3554 1118 3601 3.
1138 3565 1224 3601 omo·
1278 3578 1306 3588 -
1332 3549 1406 3601 Mihi
1424 3567 1458 3601 ex
1478 3547 1514 3601 iis
1532 3565 1603 3616 queo
1620 3550 1649 3603 io
1667 3551 1750 3605 libris
1768 3570 1837 3606 mes.

644 3625 734 3675 -rico
752 3619 937 3671 cavillatur
953 3624 1009 3670 εει.
1275 3617 1383 3682 inveni,
1417 3618 1587 3671 eliciendum
1606 3635 1669 3672 osse
1687 3622 1837 3675 videbatur

697 3694 739 3740 17.
773 3682 1225 3753 ot..facerepossimcs]1)icon·
1293 3705 1326 3739 no
1345 3686 1467 3739 devincta
1488 3693 1539 3749 εει,
1564 3687 1582 3739 i.
1602 3705 1626 3740 e.
1645 3689 1759 3748 vinculo
1777 3706 1837 3742 sno.

663 3759 728 3811 dum
748 3760 809 3807 erot
830 3760 880 3806 eut
897 3762 927 3806 ut
938 3755 1090 3819 faciamus,
1113 3759 1162 3806 ont
1175 3756 1225 3819 fa·
1295 3756 1348 3838 'olo
1362 3754 1438 3822 qnid,
1453 3755 1524 3821 qnod
1542 3755 1681 3839 erprimnt
1697 3776 1756 3811 rem
1771 3758 1837 3811 odio

663 3839 901 3944 ceizpoiit'miiiriet
921 3888 992 3940 ultro
1020 3906 1071 3955 quo
1099 3888 1223 3941 devincta
1274 3823 1401 3944 ssffffl}
1418 3823 1754 3948 avestii.)iimiiiri'etmo'itti?
1773 3843 1838 3946 egio

663 3961 711 4029 εει]
744 3958 886 4021 „Omnino
911 3955 1031 4024 legerim
1053 3974 1105 4024 quo
1127 3957 1227 4008 vincta
1277 3959 1392 4013 Terent.
1409 3960 1481 4011 Eun.
1499 3960 1549 4025 lV,
1566 3966 1597 4024 7,
1612 3962 1655 4012 43.
1673 3963 1776 4014 Notont
1792 3962 1838 4014 ont

663 4038 711 4081 εει.
746 4027 841 4091 Amet,
865 4025 971 4091 inquit,
998 4024 1226 4089 corpusonimn3
1277 4029 1358 4092 velis,
1393 4028 1447 4079 ont
1470 4027 1715 4095 noliscupioot
1736 4031 1836 4091 ultro,

664 4101 694 4148 et
716 4110 748 4145 co
768 4094 836 4144 licet
858 4109 972 4144 concere
993 4091 1082 4141 veluti
1105 4092 1226 4157 quodem
1278 4102 1307 4147 et
1331 4095 1432 4145 Horat.
1459 4094 1553 4145 Corin.
1580 4094 1629 4159 lv,
1660 4098 1690 4157 4,
1716 4099 1748 4146 ⁵1
1779 4112 1839 4162 seq.

665 4158 1229 4224 tenentur,ercnnonihilorninnsnntu-
1281 4164 1452 4214 Sertamur
1496 4162 1583 4212 ultro
1629 4178 1694 4227 quoe
1735 4163 1839 4229 opimus

666 4247 714 4282 roe
728 4229 865 4288 consulto,
881 4230 958 4277 omnt
971 4232 1072 4277 temen.
1107 4225 1138 4276 ln
1150 4224 1227 4292 Lng-
1281 4230 1387 4280 Fotterc
1408 4235 1434 4279 ει
1450 4229 1608 4309 effugere
1625 4236 1663 4281 εει
1681 4229 1839 4297 triumphus.

666 4296 785 4352 dunensi
801 4294 1050 4346 orntcuidcoincto
1064 4299 1110 4343 εει.
1146 4290 1227 4358 Quod
1278 4293 1486 4363 Repetitionem
1515 4311 1577 4346 sine
1604 4310 1689 4348 censo
1714 4296 1840 4349 eversori

666 4364 852 4430 suffragetur.
886 4362 922 4413 Et
946 4360 1007 4427 ipse
1030 4360 1155 4411 Moci-ob.
1178 4359 1228 4410 lib.
1282 4362 1419 4415 Zennium
1439 4362 1658 4416 docentrerbns
1689 4382 1840 4429 amorem,

666 4436 697 4498 1,
727 4450 788 4496 cop.
814 4434 844 4480 ll
870 4429 894 4494 [ᾗ
917 4429 953 4494 o]
985 4428 1055 4479 Nom
1077 4435 1108 4479 nt
1131 4434 1230 4479 constet
1279 4439 1310 4483 nt
1334 4436 1417 4483 amet
1439 4431 1522 4495 ultro,
1560 4432 1726 4485 devinciendi
1745 4439 1841 4485 entem

667 4501 785 4561 animal,
817 4512 920 4548 neccsse
937 4503 975 4547 εει
993 4497 1022 4546 irc
1045 4512 1151 4562 corpore
1169 4495 1230 4547 επί-
1280 4500 1396 4551 rerbnm
1415 4498 1626 4552 commendetur
1647 4500 1727 4553 hisce
1747 4517 1842 4553 exem·

667 4587 712 4622 rna
744 4567 900 4619 vinciatur.
946 4564 982 4614 Et
1011 4579 1084 4613 nunc
1112 4562 1152 4627 [in
1186 4562 1230 4614 ed.
1281 4567 1353 4633 plis:
1388 4564 1447 4617 Cic.
1464 4566 1499 4618 do
1515 4567 1565 4618 int.
1584 4572 1615 4630 9,
1631 4571 1676 4618 2⁰.
1695 4570 1716 4620 ii
1730 4577 1841 4623 montem

666 4638 723 4703 2.],
752 4634 817 4701 quin
834 4633 874 4684 ito
889 4646 999 4697 quoque
1018 4630 1124 4681 hebent
1143 4646 1231 4681 mem·
1281 4634 1393 4688 hominis
1420 4633 1558 4686 voluntate
1588 4637 1672 4687 litero
1698 4638 1841 4705 spoliatam

667 4708 772 4758 brenno
789 4699 955 4761 Mediocre,
985 4696 1013 4750 in
1032 4704 1136 4749 textum
1153 4715 1232 4750 rece·
1281 4702 1485 4755 necessitate
1498 4703 1785 4770 sctidcoiociunt‚
1813 4709 1843 4756 et

668 4772 791 4840 pimus.“
816 4770 904 4820 Ponr.
923 4796 958 4805 -
975 4766 1071 4830 „Edit
1090 4771 1145 4817 vet.
1165 4766 1234 4833 quod
1284 4769 1365 4822 Brut·
1386 4773 1427 4834 12,
1444 4772 1486 4821 45.
1504 4770 1534 4821 in
1550 4772 1685 4839 impeditio
1700 4790 1732 4826 oe
1748 4789 1776 4825 re
1798 4790 1843 4823 um

668 4845 769 4894 iuncto.
804 4836 920 4889 Vitioec.
956 4834 1153 4896 Veruntamen,
1170 4849 1234 4885 cum
1285 4838 1515 4891 dominatione
1532 4839 1712 4902 devinctis,
1740 4847 1769 4892 et
1813 4856 1844 4891 e·

670 4910 715 4961 ed·
735 4907 827 4974 bugd.
850 4904 956 4954 habent
979 4902 1021 4954 cci
1040 4902 1162 4954 devincta
1186 4909 1234 4965 εει,
1285 4912 1356 4957 rent.
1374 4906 1476 4957 fleant.
1493 4906 1516 4969 1,
1533 4910 1560 4965 2,
1575 4909 1619 4957 ³4.
1634 4924 1724 4959 oerum
1740 4909 1845 4960 animos

670 4979 745 5029 forte
768 4972 920 5042 legendum
944 4976 988 5021 eet
1010 4970 1053 5021 cui
1073 4970 1165 5021 iuncta
1187 4976 1235 5021 εει.
1285 4976 1330 5026 uti
1348 4975 1427 5025 semet
1443 4991 1471 5026 εε
1486 4975 1679 5043 cupiditate
1695 4975 1846 5029 devinxit

671 5044 742 5097 Nam
778 5038 909 5109 repetitio
942 5036 993 5088 τοῦ
1026 5037 1136 5099 vinciri,
1171 5053 1234 5088 cum
1286 5043 1382 5094 mata.

673 5116 738 5164 ante
755 5110 868 5161 vicentio
889 5108 1011 5173 positum
1035 5104 1087 5169 sit,
1121 5104 1236 5157 videtur
1320 5108 1469 5177 contingat,
1482 5125 1516 5161 nc
1532 5144 1558 5160 ..
1576 5109 1704 5176 discedot]
1722 5108 1765 5158 Gi.
1781 5123 1844 5174 unp.

673 5178 827 5230 abhorrere
849 5192 866 5226 n
884 5172 977 5226 studio
1000 5177 1169 5225 commutate
1193 5172 1237 5224 di·
1287 5176 1301 5244 5
1321 5180 1362 5227 1³.
1378 5182 1406 5228 et
1422 5176 1478 5228 rid.
1497 5182 1553 5229 not.
1570 5178 1604 5229 nd
1622 5178 1646 5240 l,
1665 5181 1707 5237 11,
1725 5180 1752 5225 8.

674 5243 765 5308 cendi,
785 5242 830 5295 cni
846 5240 889 5293 roi
907 5255 1038 5308 magnam
1054 5257 1168 5309 opernm
1188 5242 1237 5292 de·
1315 5245 1400 5311 finito
1429 5260 1531 5311 qnoque
1557 5245 1618 5313 tege
1646 5243 1771 5311 temporis
1794 5242 1847 5309 ens]

675 5313 752 5366 disee
776 5306 952 5365 macrobium
979 5310 1118 5364 constet.“
1149 5309 1236 5362 anr.
1288 5310 1307 5362 i.
1326 5328 1350 5363 e.
1367 5308 1448 5363 finito
1467 5316 1592 5379 tempore
1608 5310 1750 5378 legitimo.

1671 5398 1726 5459 Ἄ
