5092 6425
657 893 716 961 DE
730 893 838 959 DlFF.
852 892 907 960 ΕΤ
923 888 1013 958 SOC.
1028 888 1184 960 GRAECI
1198 888 1476 970 triumvirum.
1512 893 1725 962 xvrmxrx.
1767 897 1831 964 263

658 1062 753 1129 dubio
775 1061 807 1127 in
830 1057 1018 1146 paenultima
1040 1056 1283 1144 diphthongum,
1322 1079 1402 1144 quae
1423 1081 1479 1146 per
1501 1063 1524 1127 I
1541 1065 1742 1150 conponitur,
1779 1069 1828 1131 ta-

657 1171 748 1232 γοιμι
769 1142 928 1231 γράψοιμι
948 1143 1062 1225 σταίην
1082 1143 1187 1226 δοίην,
1207 1145 1290 1227 unde
1313 1154 1345 1209 et
1367 1147 1567 1215 HflserMI:
1586 1157 1657 1234 post
1681 1153 1716 1213 ,Ω
1738 1153 1829 1216 ascri·

658 1235 742 1313 bitur
759 1235 787 1311 1,
806 1253 844 1297 ue
859 1230 926 1294 siue
945 1228 1002 1293 hae
1019 1228 1115 1293 vocali
1135 1229 1262 1314 optativi
1281 1230 1469 1315 paenultima
1491 1234 1673 1318 proseratur.
1711 1236 1829 1303 Graeca
1858 1238 1879 1302 9

658 1340 738 1406 quae
761 1318 793 1381 in
817 1317 881 1378 MI
898 1320 1021 1390 exeunt,
1045 1316 1069 1376 I
1084 1313 1228 1380 ultimum
1251 1314 1283 1378 in
1305 1316 1377 1377 EN
1393 1325 1515 1383 mutant
1537 1328 1569 1384 et
1589 1320 1668 1386 liunt
1690 1321 1829 1404 pluralia,

657 1407 785 1486 ποιοῖμι
806 1403 971 1497 ποιοῖμεν,
1010 1394 1173 1483 γράφοιμι
1200 1395 1394 1484 γράφοιμεν.
1438 1402 1568 1489 Semper
1591 1405 1672 1491 apud
1694 1405 1828 1472 Graecos

657 1489 782 1577 pluralis
814 1506 912 1571 pruna
938 1504 1068 1570 persona
1094 1493 1148 1550 aut
1172 1506 1267 1550 unam
1295 1485 1429 1551 vocalem
1456 1487 1550 1554 habet
1577 1490 1609 1554 in
1639 1492 1829 1577 paenultima

656 1573 906 1678 praecedentem,
945 1578 981 1635 ut
1005 1569 1160 1667 σεαίημεν
1184 1569 1372 1668 νογείημεν,
1410 1581 1464 1637 aut
1490 1573 1581 1652 duas,
1617 1584 1654 1640 ut
1679 1572 1829 1659 λέγοιμεν

655 1655 1827 1831 tu‘ttututffllltt,tumulturildrlttltffttttl

656 1852 716 1914 μεν
744 1827 917 1909 σταίησαν,
959 1759 1108 1924 λέγοιμεν
1135 1822 1268 1908 λέγοιεν.
1319 1826 1444 1924 l’assiva
1472 1828 1662 1896 Graecorum
1687 1853 1766 1917 quae
1795 1833 1826 1896 in
1839 1831 1879 1895 10

655 1915 773 1979 ΜΗΝ
790 1919 906 1977 exeunt
926 1910 1005 1975 hane
1033 1931 1129 1994 rpsam
1157 1911 1303 1997 syllabam
1325 1932 1357 1975 m
1385 1915 1558 1980 Omutant
1583 1923 1615 1980 et
1636 1917 1877 1998 secundampaea]

657 2019 820 2086 personam
843 1995 971 2071 iaciunt,
1003 1995 1158 2079 ποιοίμην
1179 2001 1305 2076 ποιοῖο,
1332 1999 1524 2083 γραφοίμην
1543 1997 1705 2085 γράφοιο.·
1748 2023 1828 2088 quae

656 2106 730 2156 vero
764 2083 797 2148 in
826 2083 902 2147 HN
931 2081 971 2144 N
999 2079 1030 2144 in
1059 2083 1094 2145 Σ
1119 2089 1240 2148 mutant
1272 2089 1305 2147 et
1340 2082 1456 2148 laniunt
1490 2085 1670 2163 secundam,
1713 2087 1828 2170 σταίην

657 2169 783 2253 σταίης,
815 2167 911 2249 δοίην
934 2165 1033 2248 δοίης.
1076 2167 1145 2251 Ιμεε
1168 2188 1241 2233 vero
1262 2167 1396 2232 seeundo
1419 2189 1566 2253 persona,
1599 2170 1625 2235 si
1647 2170 1680 2234 in
1705 2173 1732 2234 0
1754 2173 1828 2249 exit,

656 2255 741 2322 addit
766 2258 796 2319 Τ
811 2261 842 2319 et
861 2251 933 2319 lacit
953 2250 1084 2328 tertiam,
1102 2255 1211 2316 ποιοῖο
1229 2257 1367 2331 ποιοῖτο,
1388 2250 1531 2340 γράφοιο
1550 2250 1728 2339 γράφοιτο·
1748 2277 1827 2341 quae

657 2341 689 2406 iu
713 2342 747 2404 Σ
764 2338 877 2407 desinit
897 2337 957 2403 hoe
981 2335 1095 2404 amittit
1117 2345 1148 2403 et
1172 2336 1244 2403 lacit
1264 2337 1403 2416 tertiam,
1444 2340 1557 2424 σταίης
1585 2340 1697 2426 σταίη,
1735 2341 1827 2425 δοίης

657 2426 712 2493 ὅθι
734 2474 741 2488 ι
1016 2507 1102 2573 xlx.
1144 2505 1193 2573 De
1217 2504 1339 2572 infinito
1361 2507 1464 2573 modo.

740 2592 901 2663 Infinitum
945 2591 1085 2670 modum,
1127 2612 1219 2678 quem
1261 2587 1499 2678 άπαρέμφατον
1536 2593 1656 2670 dieunt,
1700 2594 1825 2681 quidam
1857 2596 1873 2658 l

656 2683 844 2750 Graecorum
868 2679 950 2743 inter
969 2678 1061 2744 verba
1082 2697 1245 2743 numerare
1267 2678 1450 2756 noluerunt,
1485 2678 1557 2764 quia
1579 2681 1695 2746 nullius
1722 2677 1826 2764 dpati-

656 2783 735 2845 σεως
762 2765 891 2832 verbum
920 2765 1014 2831 verbo
1042 2764 1168 2841 ulterius
1192 2762 1332 2829 iunotum
1359 2763 1454 2830 allicit
1480 2785 1605 2831 sensum
1634 2765 1719 2852 (quis
1741 2766 1826 2832 enim

656 2854 751 2920 dieat:
792 2849 972 2933 βουλοίμην
999 2846 1098 2933 λέγω,
1132 2845 1259 2932 λέγοιμι
1284 2845 1460 2934 βούλομαι,
1491 2846 1652 2935 γράφοιμι
1676 2847 1825 2935 τρέχωί),

657 2936 890 3024 paremphatum
921 2957 994 3001 vero
1022 2958 1092 3002 oum
1123 2935 1262 3020 quolibet
1289 2935 1381 3001 modo
1411 2935 1549 3002 iunctum
1584 2936 1656 3002 laoit
1684 2957 1825 3002 sensum:

655 3018 744 3088 θέλω
766 3016 923 3104 γράφειν,
939 3016 1039 3085 ,θέλε
1063 3017 1220 3105 γράφειν,
1260 3013 1318 3084 ἐάν
1342 3016 1431 3085 θέλω
1450 3018 1606 3105 γράφειν,
1646 3022 1675 3085 εί
1694 3019 1826 3106 θέλοιμι

655 3103 806 3192 γράφειν.
850 3103 997 3169 Similiter
1016 3111 1047 3168 et
1068 3104 1149 3189 apud
1171 3105 1298 3169 Latinos
1318 3104 1378 3168 diei
1402 3126 1464 3168 non
1490 3114 1591 3189 potest
1611 3108 1698 3170 uelem
1717 3108 1827 3183 sertio,

656 3194 776 3260 debeam
796 3211 885 3256 curre
904 3196 935 3256 ot
957 3188 1076 3254 similia.
1120 3188 1297 3272 Dieuutque
1317 3188 1496 3254 adverbium
1516 3210 1583 3255 esse
1604 3191 1716 3275 magis,
1752 3192 1825 3277 quia
1853 3197 1875 3261 θ

656 3278 810 3383 inlinitum
834 3275 913 3376 sieut
938 3274 1126 3377 adverbium!
1143 3273 1344 3371 praeponitur
1369 3281 1401 3339 et
1423 3275 1619 3361 postponitur
1643 3276 1750 3351 verbo,
1789 3285 1826 3341 ut

655 3360 1418 3531 astruetuaatpaaamulau
1435 3357 1827 3533 littteras}

657 3537 698 3601 ita
719 3543 750 3600 et
770 3534 842 3599 hoe:
868 3528 957 3597 θέλω
978 3528 1135 3616 γράφειν,
1155 3525 1299 3635 γράφειν
1319 3525 1425 3609 θέλω,
1446 3532 1511 3597 oola
1536 3532 1676 3607 ειωέενι,
1699 3533 1826 3598 sordem

656 3622 740 3688 uolo:
760 3617 931 3701 ἐπίσταμαι
952 3614 1085 3701 τρέχειν,
1107 3637 1233 3698 τρεχειν
1254 3612 1435 3698 ἐπίσταμαι,
1457 3618 1518 3681 seio
1541 3617 1632 3704 loqui,
1653 3618 1736 3704 Ιοηνί
1752 3619 1814 3682 seio

655 3709 721 3775 Neo
743 3705 856 3770 mirum
879 3703 982 3780 aiunt,
1019 3724 1090 3768 oum
1110 3703 1206 3767 multa
1228 3700 1371 3767 adverbia
1393 3709 1594 3767 nascantura
1617 3702 1733 3780 verbis,
1765 3702 1825 3767 hoo
1853 3708 1874 3773 3

657 3813 782 3880 quoque
806 3811 844 3854 ex
871 3789 965 3854 verbo
992 3810 1059 3854 esse
1087 3787 1267 3873 proiectum.
1310 3787 1342 3852 Si
1369 3787 1451 3852 enim
1483 3784 1635 3870 έλληνίζω
1664 3784 1825 3871 ἑλληνιστὶ

657 3880 727 3944 lacit
748 3886 780 3942 et
798 3871 911 3958 κάμνοι
934 3870 1068 3958 άιιμητί,
1099 3894 1154 3937 our
1176 3893 1237 3936 non
1258 3879 1290 3936 et
1310 3868 1373 3936 άπὸ
1393 3875 1452 3937 τοῦ
1468 3869 1587 3957 γράφω
1609 3882 1751 3939 nascatur
1773 3874 1825 3938 ad-

657 3964 795 4030 verbium
819 3957 981 4045 ppdpsav?
1029 3961 1096 4024 Hoc
1118 3958 1209 4023 etiam
1232 3958 1363 4024 addunt:
1399 3958 1430 4023 Si
1454 3958 1493 4022 ab
1515 3980 1553 4023 eo
1575 3960 1660 4043 quod
1679 3967 1727 4024 est
1746 3956 1824 4043 γρά-
1853 3964 1874 4027 4

658 4071 727 4135 φω,
749 4068 819 4111 oum
842 4047 878 4110 m
898 4042 1054 4130 γράφειν,
1076 4045 1135 4108 iam
1159 4042 1287 4107 verbum
1311 4065 1371 4107 non
1394 4042 1577 4107 dicitursed
1599 4043 1874 4128 participiumpana]

657 4134 729 4220 quia
751 4131 890 4195 ultimam
913 4138 1013 4195 mutat
1032 4138 1063 4193 et
1083 4148 1245 4212 personam
1268 4128 1395 4202 amittit,
1417 4149 1472 4191 cur
1495 4148 1557 4190 non
1579 4135 1610 4190 et
1629 4124 1771 4211 γράφειν
1790 4128 1823 4191 iu

658 4220 788 4283 alterum
815 4236 927 4278 nomen
951 4214 1061 4297 migret
1081 4233 1118 4275 ex
1141 4212 1251 4287 verbo,
1290 4233 1359 4276 cum
1380 4232 1441 4275 non
1464 4210 1563 4275 solum
1586 4212 1678 4276 finem
1702 4220 1824 4277 moveat

657 4304 710 4369 sed
739 4301 831 4366 etiam
860 4298 1111 4383 significationem
1145 4315 1294 4382 personae
1318 4296 1502 4381 numerique
1530 4295 1652 4382 perdat:
1690 4298 1823 4363 maxime

1569 4464 1654 4528 [naa.
1672 4465 1755 4534 pazo.

656 4563 682 4610 9.
717 4556 746 4608 in
777 4553 843 4607 ΗΝ
863 4587 890 4603 ..
916 4547 1141 4604 ΠΟΙΟΙΜΗΝ
1157 4585 1186 4601 ..
1215 4547 1467 4601 ΓΡΑΦΟΙΜΗΝ
1485 4584 1514 4600 ..
1541 4548 1771 4604 ΛΕΙὈΙΜΗΝ
1794 4586 1823 4601 ..

660 4622 875 4680 ΓΡΑΦΟΙΜΗ
880 4619 911 4671 Ν
928 4654 952 4670 ..
979 4617 1206 4672 ΣΤΑΙΗΜΗΝ
1225 4651 1251 4668 ..
1271 4614 1501 4670 ΛΕΙὈΙΜΗΝ
1519 4616 1552 4669 P.

726 4690 804 4752 xlx,
831 4693 854 4740 l.
890 4683 1130 4739 ΒΟΥΛΟΙΜΑΙ
1143 4684 1175 4738 Ρ.
1195 4714 1229 4725 -
1251 4700 1369 4736 currere
1387 4682 1419 4736 P.

691 4842 766 4896 xlx,
804 4841 843 4892 lle
858 4838 990 4905 infinitivo
1005 4835 1102 4901 ruodo]
1121 4834 1164 4886 Gi.
1182 4835 1216 4885 de
1266 4832 1354 4885 arian.
1371 4850 1396 4898 p.
1414 4832 1517 4886 aler:
1544 4833 1658 4898 Qnirlurn
1684 4834 1752 4884 eoin
1775 4833 1825 4883 du-

657 4913 734 4965 verb.
757 4927 780 4961 e.
800 4913 826 4960 6.
853 4914 881 4959 et
902 4904 1039 4958 Priscian.
1068 4904 1115 4954 lib.
1141 4903 1216 4968 vlu,
1268 4902 1477 4961 litaveruntan
1493 4902 1572 4953 nerlu
1588 4902 1727 4961 eintlnee,
1745 4901 1825 4951 etiu-

659 4998 719 5046 eap.
737 4979 771 5029 da
790 4976 879 5027 modis
903 4982 931 5026 et
954 4974 1004 5025 lib.
1029 4971 1133 5035 XVlll,
1156 4988 1218 5037 eap.
1267 4978 1308 5021 ter
1324 4970 1451 5021 adverbia
1463 4970 1571 5039 ungis
1584 4970 1826 5037 pnenducome·

659 5049 693 5099 de
712 5047 802 5098 ordin.
823 5043 912 5095 verbi.
1266 5045 1338 5089 runt.

692 5119 719 5166 2.
755 5131 798 5166 ma
821 5113 854 5182 is]
872 5118 903 5162 ut
916 5107 1028 5175 saepiu·
1059 5106 1217 5170 onitnrpro
1303 5104 1366 5171 quia
1383 5139 1407 5154 ..
1426 5104 1598 5169 praeponitur
1615 5111 1641 5155 et
1661 5100 1828 5168 postponitur

658 5182 761 5250 potior,
829 5179 993 5244 mimo.
1052 5173 1219 5227 fidererlr.
1268 5173 1354 5237 uerbo]
1374 5171 1477 5222 Melius
1490 5170 1627 5224 Priscian.
1644 5172 1662 5219 l.
1679 5186 1701 5218 e.
1717 5169 1826 5235 puori..

662 5248 754 5316 1.εῇ
773 5252 798 5300 1.
817 5244 1219 5314 redudoerdiiepotiuatem-
1269 5248 1348 5306 egeat
1373 5256 1473 5307 semper
1504 5241 1567 5292 ολὶἰε
1591 5238 1688 5300 νειοῖο,
1721 5242 1751 5289 ut
1777 5238 1828 5290 ud·
1913 5246 1915 5248 ’

659 5317 733 5387 perir
754 5313 894 5383 adplloere
917 5319 1054 5368 conantur.
1094 5311 1129 5363 m
1156 5308 1220 5361 l’ri-
1268 5308 1367 5359 verbim
