5092 6425
900 890 1161 962 EXCERPTUM
1182 889 1533 960 MATHEMATIGUM
1553 893 1579 958 Ι.
1760 890 1825 958 219

654 1065 748 1133 puncti
767 1064 865 1117 obtinet
884 1064 931 1131 qui
951 1065 979 1116 in
997 1062 1212 1122 circumferentia
1233 1061 1327 1116 circuli
1348 1062 1458 1131 aequali
1478 1061 1597 1130 undique
1617 1061 1746 1115 distantia
1767 1079 1827 1114 nm·

655 1151 726 1202 bitus
749 1155 866 1202 centrum
888 1155 1005 1200 uocatur.
1057 1147 1133 1199 Haec
1156 1146 1259 1217 igitur,
1292 1147 1352 1200 licet
1372 1148 1410 1199 ad
1436 1147 1521 1199 oliam
1543 1146 1862 1214 incomprehensibilem

656 1234 787 1301 spbcorae
804 1232 938 1294 coelestis,
966 1247 1035 1301 quae
1051 1231 1141 1284 omnia
1157 1247 1205 1284 suo
1224 1231 1326 1283 ambitu
1342 1231 1467 1293 includit,
1498 1231 1699 1283 immunitatem
1721 1246 1829 1298 compa-

655 1324 718 1369 rata
735 1316 927 1385 quodammodo
945 1317 1087 1368 secundum
1105 1323 1231 1369 naturam
1246 1315 1339 1384 puncti
1353 1315 1522 1368 indivisibilis
1538 1315 1674 1379 uideatur,
1693 1314 1723 1365 in
1739 1330 1768 1367 se
1784 1321 1829 1367 to-

656 1418 716 1453 men
742 1401 908 1453 considerata
937 1400 1036 1453 nocuis
1063 1401 1199 1470 angustiis
1221 1398 1440 1452 inaestimabilem
1464 1399 1678 1468 magnitudinem
1700 1400 1830 1466 praetert.
1852 1406 1861 1423 ·

657 1487 698 1538 Ab
720 1486 771 1537 bac
793 1485 879 1553 igitur
901 1485 982 1536 tatius
1003 1485 1083 1537 buius
1105 1483 1322 1554 investigationis
1343 1498 1467 1534 securem
1492 1483 1627 1535 exordium
1649 1488 1742 1534 sumet·
1793 1483 1863 1535 tus

654 1570 772 1636 primum
790 1568 904 1622 ambitus
922 1576 1009 1622 terrae
1024 1569 1107 1622 totius
1125 1577 1240 1637 quantus
1256 1567 1301 1631 sit,
1318 1566 1504 1635 explicandum
1520 1566 1638 1631 uidetur,
1661 1573 1686 1619 et
1702 1565 1828 1634 musaei-

656 1653 761 1705 modum
779 1653 911 1705 bumanus
928 1669 1019 1705 seusus
1034 1653 1071 1704 ad
1090 1653 1159 1705 ltunc
1175 1650 1442 1720 comprehendendum
1461 1650 1612 1713 assessoris,
1633 1650 1827 1702 resoluendum.

730 1738 828 1789 'l'erroe
845 1737 933 1806 igitur
951 1737 1065 1788 ambitus
1087 1753 1105 1787 a
1122 1736 1258 1789 ueteribus.
1272 1735 1301 1786 in
1321 1734 1424 1787 occulta
1444 1741 1559 1786 naturae
1579 1733 1748 1801 dispositione
1766 1736 1865 1801 per-b

660 1821 790 1888 quirenda
806 1820 934 1872 studiosis
949 1820 1063 1872 ducenta
1081 1819 1280 1888 quinquaginta
1295 1818 1441 1870 duomilia
1456 1818 1546 1870 studia
1561 1818 1693 1870 continere
1706 1818 1834 1884 probatus

660 1912 707 1957 est.
746 1905 871 1957 Stadium
887 1911 977 1955 cutem
994 1912 1089 1956 amana
1105 1919 1171 1972 pers
1187 1911 1225 1956 ost
1241 1903 1367 1967 miliarii,
1394 1901 1493 1954 bobeno
1507 1917 1605 1970 passus
1626 1901 1736 1954 cm.
1774 1901 1833 1952 Du·

661 1995 737 2040 centa
759 1987 846 2056 igitur
867 1994 892 2040 et
913 1988 1111 2057 quinquaginta
1132 1988 1186 2039 duo
1208 1987 1285 2040 milia
1306 1987 1398 2040 stedia
1416 1987 1524 2050 saciant
1541 1985 1661 2037 miliaria
1683 1985 1776 2049 XXX,
1808 1991 1834 2037 ot

661 2088 743 2123 unum
761 2071 838 2122 milia
853 2077 878 2124 et
897 2071 1054 2140 quingenta.
1093 2072 1168 2136 Quae
1182 2070 1268 2139 siper
1284 2076 1411 2123 trecentos
1426 2071 1569 2138 sexaginta
1585 2069 1690 2138 gradus
1707 2068 1834 2120 dividan-

661 2163 719 2218 tur,
742 2155 864 2208 eveniunt
881 2155 1024 2222 unicuique
1041 2155 1131 2208 stadia
1148 2156 1333 2225 septingenta,
1351 2153 1399 2206 boc
1417 2161 1456 2207 est
1473 2154 1611 2221 octoginta
1628 2159 1726 2220 septem
1742 2152 1835 2203 milia-

660 2240 704 2291 rio
719 2246 745 2292 et
766 2239 845 2290 semis
861 2254 957 2302 unum,
988 2239 1007 2291 i.
1026 2255 1048 2291 e.
1071 2238 1219 2291 dimidium.
1269 2237 1361 2289 Huius
1381 2237 1597 2306 investigationis
1616 2236 1720 2305 primus
1739 2243 1833 2288 auctor
1849 2241 1866 2290 0

663 2323 851 2376 Eratosthenes
865 2324 968 2388 sertim:
997 2322 1088 2390 quiin
1104 2322 1154 2375 bae
1172 2321 1316 2390 disciplina
1331 2320 1482 2389 spectabilis
1497 2328 1522 2374 et
1538 2320 1728 2390 sagacissimus
1745 2335 1834 2371 eorum

662 2423 731 2475 quae
747 2408 830 2460 latent
848 2412 980 2459 scrutator
997 2406 1092 2460 estitit.
1126 2405 1179 2458 Hic
1194 2406 1287 2472 itaquo
1302 2421 1360 2458 cum
1374 2411 1461 2459 terrae
1475 2405 1603 2459 ambitum
1618 2403 1761 2456 oemimare
1776 2404 1833 2454 dis-

659 2499 784 2561 poneret,
813 2492 865 2544 tuli
881 2491 1026 2544 arteriam
1043 2490 1095 2542 sibi
1106 2489 1204 2557 secisse
1220 2489 1333 2554 dicitur,
1358 2496 1384 2543 et
1400 2489 1449 2542 tos
1464 2494 1622 2559 argumento
1638 2488 1704 2540 satis
1717 2487 1836 2539 sonabili

661 2577 770 2646 ingenio
792 2575 943 2644 excogitato
968 2591 1032 2626 usus
1051 2580 1218 2629 memoratur.
1272 2573 1346 2627 Nam
1366 2590 1385 2625 a
1407 2573 1567 2625 mensoribus
1590 2571 1666 2640 regis
1689 2564 1867 2624 Ptolemaei?

661 2661 781 2725 adiutus,
803 2659 850 2726 qui
864 2665 948 2712 totam
965 2658 1117 2728 Aegyptum
1134 2659 1247 2721 tenebat,
1264 2675 1283 2710 a
1302 2657 1388 2725 Syene
1403 2673 1486 2724 usque
1503 2655 1540 2708 ad
1558 2656 1666 2708 Meroen
1683 2655 1835 2723 horoscopi-

662 2745 700 2795 cis
715 2744 789 2796 uasis
803 2760 862 2795 cum
879 2742 988 2810 aequali
1004 2759 1165 2812 gnomonum
1185 2743 1348 2796 dimensione
1364 2741 1500 2812 dispositis
1521 2746 1547 2793 et
1567 2756 1617 2808 per
1634 2739 1747 2808 singula
1767 2754 1836 2790 oasa

662 2829 786 2898 singulas
804 2827 978 2896 gnomorsicue
992 2819 1189 2895 supputationis
1202 2826 1368 2880 doctissimos
1383 2825 1519 2889 ordinans,
1536 2840 1593 2877 una
1609 2823 1653 2876 die
1672 2839 1760 2877 omnes
1774 2839 1835 2875 um·

663 2913 737 2963 brom
756 2912 931 2963 meridianam
950 2910 1088 2963 obseruare
1107 2911 1256 2980 praesepiis
1292 2927 1346 2978 qna
1364 2926 1414 2978 per
1429 2909 1553 2979 singulos
1568 2924 1713 2978 gnomones
1727 2925 1835 2976 compu-

664 3003 723 3047 tata
739 2995 878 3062 comperit,
907 2994 978 3061 quad
992 2995 1065 3047 ultra
1082 2995 1252 3064 septingenta
1268 2995 1360 3047 stadia
1377 2993 1415 3046 ad
1431 2994 1512 3045 unius
1527 2992 1705 3061 longitudinis
1722 3009 1835 3062 gneum

663 3095 723 3130 seem
741 3078 833 3128 umbro
854 3094 906 3129 non
923 3078 1068 3144 respondit.
1120 3078 1183 3131 Post
1207 3077 1273 3129 baec
1294 3076 1387 3129 altiori
1408 3075 1519 3145 ingenio
1539 3075 1676 3128 ueritatem
1696 3075 1777 3127 buius
1796 3076 1870 3128 rcitt

663 3177 829 3232 persequens,
844 3161 892 3212 sub
906 3159 1029 3216 stellatae
1046 3159 1131 3214 noetis
1145 3168 1261 3230 tempore
1278 3165 1382 3229 sumpto
1398 3158 1550 3227 astrolapsu
1562 3158 1609 3227 qui
1620 3158 1763 3211 seeundum
1775 3175 1835 3212 an-

666 3347 781 3452 ciffi
795 3328 1024 3450 dilifie‘dcu'id
1044 3327 1125 3450 :ido
1142 3326 1222 3465 {⁰¹1⁸}
1276 3324 1744 3463 liii'niiiiiwn'biiiii’
1765 3334 1838 3447 dlis

680 3482 758 3565 quc]
776 3435 900 3534 budusin
913 3478 1060 3615 perclusi
1094 3435 1225 3563 000110.
1276 3411 1840 3597 gwlgffissgaepffingffix

664 3551 930 3690 gingosss’vtffi’tus
945 3552 1034 3669 udilo
1047 3547 1228 3687 υιέοιςιξῑιίΐῑιτ
1275 3600 1357 3666 fidis
1393 3599 1483 3680 {mail
1560 3614 1770 3665 ¹³⁸⁸lv⁶ml¹¹⁰
1796 3599 1839 3679 ⁸¹⁸}

666 3688 736 3740 Vide
753 3702 788 3739 no
806 3685 984 3738 scribendum
1005 3684 1045 3738 sil
1063 3686 1142 3753 quod.
1318 3683 1419 3750 ΜΨ
1438 3683 1490 3747 ,Μ
1521 3683 1585 3748 ⁰¹³2,
1612 3672 1736 3746 imm,
1751 3668 1840 3731 sm

702 3770 857 3837 distantiae]
872 3768 944 3833 „Mn
959 3769 1125 3824 ttuenrtcr‘
1136 3770 1227 3823 Gnate·
1278 3734 1562 3871 ffirsss‘wggfflf
1574 3733 1840 3854 wampzln’fm

702 3852 825 3921 ambitus]
849 3852 920 3905 Edd.
938 3852 1098 3908 distantiae
1114 3855 1228 3909 ambitu.
1279 3871 1458 3941 pongqmqflp,
1524 3886 1640 3921 mm
1666 3868 1762 3920 ,mm
1786 3887 1840 3921 ,m

701 3944 728 3990 b.
763 3939 876 3990 ducenta
895 3973 918 3987 ..
935 3936 1037 4005 stadia]
1062 3937 1105 3990 (tt.
1123 3937 1229 3992 comm.
1277 3939 1426 4008 respondet.
1496 3954 1526 3989 oo
1546 3952 1656 3990 numero
1677 3953 1725 4004 per
1749 3946 1841 4005 partes

668 4009 692 4071 l,
708 4010 751 4069 20,
767 4010 810 4057 20.
828 4011 856 4057 el
875 4004 913 4068 ll,
932 4008 958 4067 6,
974 4007 999 4055 3.
1279 4007 1394 4068 aodiooi,
1411 4022 1481 4073 quae
1491 4011 1553 4057 sunt
1571 4005 1644 4057 CCC
1656 4011 1682 4056 et
1696 4004 1756 4066 LX,
1768 4005 1841 4056 mul-

701 4078 728 4124 o.
763 4071 924 4141 excogitato]
959 4071 1034 4137 „Ms-
1068 4073 1229 4143 recogito·“
1278 4076 1400 4142 tiplicato
1421 4073 1536 4125 absoluit
1552 4070 1669 4122 uniuersi
1690 4071 1760 4123 orbis
1780 4088 1841 4122 am·

669 4142 760 4193 Gonu.
1185 4142 1190 4149 '
1279 4144 1362 4194 bitum
1383 4140 1500 4208 optinere
1520 4139 1611 4191 stadia
1632 4138 1746 4192 ducenta
1764 4139 1841 4192 milio

703 4213 728 4259 7.
766 4207 837 4259 Nam
856 4222 873 4257 a
891 4204 1052 4258 mensoribus
1074 4241 1099 4256 ..
1120 4222 1230 4276 respon·
1281 4216 1307 4262 ot
1321 4207 1519 4276 quinquaginta
1534 4205 1587 4256 due
1602 4206 1687 4257 milia.

670 4276 721 4341 dit]
740 4271 931 4325 (billonius.
951 4272 996 4335 vl,
1014 4271 1042 4337 §i
1058 4275 1109 4323 598
1125 4280 1154 4325 ct
1169 4278 1229 4325 010.
1314 4280 1341 4325 0.
1377 4291 1433 4325 sum
1453 4281 1481 4325 to
1495 4272 1656 4341 astrolapsu]
1676 4271 1695 4324 i.
1709 4287 1733 4322 e.
1748 4275 1840 4323 ustro-

670 4345 775 4396 Endem
793 4341 894 4392 iisdem
914 4340 974 4390 iere
989 4340 1083 4392 vorbis
1098 4341 1232 4410 leguntur
1282 4340 1367 4395 lubio.
1402 4290 1452 4393 GK
1467 4341 1585 4407 Eucerp·
1611 4340 1653 4403 Il,
1683 4343 1709 4390 s.
1749 4344 1842 4391 Astro-

671 4413 700 4464 in
722 4411 782 4461 cod.
804 4409 847 4459 Ru
871 4408 906 4459 ud
933 4406 1037 4458 comm.
1059 4407 1088 4473 l,
1115 4415 1162 4474 20,
1186 4414 1230 4462 00.
1282 4413 1396 4479 lapsum
1423 4414 1541 4461 vocotus
1565 4408 1594 4459 in
1622 4407 1727 4459 similis
1755 4423 1841 4475 argu—

671 4477 794 4548 margioi
830 4473 987 4542 adscripto:
1023 4478 1233 4551 „Eratostlsepos
1282 4477 1370 4531 meoli
1388 4476 1499 4529 acholio
1518 4477 1591 4543 quod
1613 4476 1642 4528 in
1660 4475 1722 4527 eod.
1739 4475 1782 4526 Rs
1800 4476 1842 4527 in·

670 4545 842 4617 pbilosopbus
860 4544 980 4610 idemque
996 4551 1133 4612 geometra
1147 4546 1231 4598 subti-
1281 4546 1394 4598 venitur
1420 4544 1594 4612 adscriptum
1625 4544 1659 4596 ud
1687 4542 1793 4596 comm.
1817 4542 1842 4608 l,

671 4616 787 4668 tissimus
811 4611 1022 4680 magnitudinem
1046 4614 1142 4664 terreni
1164 4614 1234 4666 orbis
1282 4618 1327 4677 2⁰,
1342 4617 1382 4665 ln
1402 4613 1498 4665 lbrrao
1511 4628 1634 4664 menrura
1648 4612 1731 4664 oculis
1745 4612 1842 4663 iuuan-

671 4700 747 4736 nosse
765 4680 864 4743 volens,
881 4677 932 4730 tuli
950 4678 1049 4729 dicitur
1064 4697 1128 4732 usus
1144 4698 1232 4751 orgu-
1283 4682 1353 4734 tibus
1368 4681 1409 4733 ita
1423 4681 1531 4732 inuenta
1546 4687 1585 4732 est
1591 4696 1641 4748 per
1654 4679 1841 4747 astrolapsum.

672 4758 766 4804 mento.
818 4747 889 4799 Nam
919 4763 938 4797 a
967 4748 1129 4799 mensoribus
1159 4749 1234 4819 regis
1286 4750 1317 4801 ln
1345 4748 1478 4816 principio
1505 4748 1590 4800 noetis
1619 4748 1719 4801 oriente
1751 4748 1844 4816 aliqua

675 4814 804 4873 Ptolomei
825 4815 870 4882 qui
891 4820 974 4866 totam
991 4816 1143 4883 Aegyptum
1160 4823 1233 4869 tene·
1284 4816 1363 4870 stello
1393 4823 1506 4868 erectum
1535 4822 1574 4869 est
1605 4816 1784 4883 astrolopsum
1815 4815 1845 4866 in

673 4890 719 4940 bat
742 4884 851 4938 adiutus
876 4897 894 4933 a
915 4882 999 4947 Syene
1019 4898 1102 4950 usque
1127 4884 1235 4937 Meroen
1282 4885 1369 4953 plana
1393 4890 1478 4945 terra,
1514 4890 1540 4936 et
1566 4883 1667 4936 eleuato
1693 4881 1845 4935 mediclinio

674 4955 820 5007 stadiorum
835 4965 971 5001 numerum
991 4949 1105 5014 incenit,
1142 4952 1233 5020 dispo·
1283 4952 1369 5021 ipsius
1396 4951 1541 5034 astrolapri
1565 4957 1660 5005 notata
1688 4952 1739 5002 illa
1766 4950 1845 5002 stelle

675 5023 784 5089 sitisque
816 5034 865 5086 per
898 5017 1041 5069 interualla
1071 5018 1185 5071 locorum
1217 5035 1235 5072 a
1283 5021 1473 5089 perforamen
1490 5020 1579 5083 illius,
1613 5026 1639 5071 et
1653 5021 1730 5084 tacto
1745 5023 1844 5084 puncto

675 5087 851 5157 septentrione
876 5084 1011 5138 meridiem
1039 5102 1131 5138 uersus
1156 5088 1235 5139 baro·
1285 5088 1315 5139 in
1343 5087 1395 5138 illo
1423 5094 1503 5155 parte
1532 5086 1677 5155 astrolapsi
1710 5084 1845 5135 recondito
1892 5129 1901 5155 κ,

675 5156 785 5223 scapinio
808 5153 882 5206 uasis
911 5153 994 5204 simili
1022 5153 1183 5207 dimensione
1210 5161 1236 5207 et
1286 5154 1436 5224 astrolapso
1464 5155 1549 5222 caepit
1575 5156 1615 5207 ire
1640 5154 1669 5205 in
1696 5150 1844 5219 oppositam

676 5237 837 5293 gnomonum
856 5236 944 5288 aequa
963 5220 1133 5291 longitudine
1149 5224 1235 5288 injur·
1285 5229 1390 5292 perlem
1416 5229 1490 5275 reeta
1517 5222 1597 5275 linea.
1645 5219 1722 5271 Verbi
1748 5218 1845 5287 gratia

677 5290 757 5344 mutis
794 5285 904 5343 totidem
942 5287 1032 5342 doctos
1070 5291 1239 5360 gnominicae
1285 5296 1380 5345 notata
1399 5289 1478 5345 nella
1500 5290 1585 5345 artico
1606 5285 1845 5355 (061)ΜοοΜ-
