5092 6425
674 863 734 906 vus
1118 839 1452 909 PnolllGOlllliltu.

674 1015 859 1077 spernendum
881 1016 1011 1076 tanquam
1031 1013 1225 1066 documentum
1252 1012 1374 1065 rationis
1396 1005 1451 1076 pua
1477 1012 1528 1063 illa
1550 1013 1645 1062 aetate
1672 1007 1798 1060 bomines
1824 1009 1903 1061 dnctl

676 1099 807 1150 solebant
825 1096 1026 1160 pbilosopbari.
1397 1133 1399 1138 .

742 1182 769 1232 8.
803 1184 928 1244 Namque
947 1182 1347 1234 Macrobinscommentarios
1365 1197 1434 1234 suos
1451 1182 1495 1232 sic
1516 1180 1655 1245 instituit,
1689 1183 1721 1230 ut
1737 1178 1909 1241 praemissis,

677 1266 826 1319 Ciceronis
851 1267 946 1317 verbis
970 1271 1111 1330 promeret
1134 1267 1264 1330 quidquid
1281 1280 1297 1317 e
1314 1268 1427 1329 placitis
1444 1266 1653 1318 Platonicorum
1672 1267 1757 1326 atque
1781 1277 1797 1316 e
1818 1277 1907 1327 prae-

677 1350 768 1415 ceptis
784 1350 958 1415 geometriae
977 1351 1168 1416 geographiae
1186 1352 1377 1402 astronomiae
1396 1353 1430 1402 ad
1450 1365 1485 1402 ea
1502 1349 1605 1401 reterri
1623 1361 1711 1411 posse
1730 1349 1887 1399 videretur.

733 1439 837 1503 ,amne
855 1434 969 1498 primum
989 1424 1049 1500 (lib.
1070 1437 1097 1502 l,
1121 1450 1146 1487 c.
1164 1436 1204 1501 1.)
1227 1437 1260 1486 de
1280 1437 1390 1486 ratione
1408 1437 1532 1499 disputat
1554 1447 1626 1504 quae
1647 1434 1807 1490 intercedat
1829 1433 1906 1483 inter

677 1518 766 1571 libros
786 1532 857 1582 quos
874 1520 956 1571 Plato
973 1525 1001 1583 et
1023 1521 1125 1572 cicero
1144 1521 1356 1584 composuerint
1372 1522 1406 1571 de
1420 1533 1456 1593 ‘re
1475 1520 1597 1584 publiea,
1616 1531 1668 1568 cur
1687 1517 1715 1566 in
1733 1512 1788 1567 fine
1808 1517 1905 1580 operis

678 1603 724 1654 bic
741 1603 901 1667 Scipionem
923 1601 1011 1670 fingat
1032 1605 1060 1656 in
1082 1605 1191 1655 somnio
1210 1606 1245 1655 ad
1261 1612 1369 1672 patrem
1388 1617 1524 1667 avumque
1539 1604 1568 1653 in
1586 1604 1695 1653 caelum
1712 1603 1831 1668 elatum,
1856 1602 1905 1652 ille

679 1693 816 1739 mortuum
835 1690 864 1739 in
883 1688 966 1739 vitam
987 1695 1174 1742 revertentem
1193 1690 1295 1756 iaciat,
1313 1696 1344 1740 ut
1361 1691 1488 1752 proterat
1503 1702 1537 1739 ea
1549 1700 1627 1751 ,quiae
1645 1687 1746 1736 viderit
1766 1691 1905 1737 mortuus.

679 1773 928 1832 Defenditdeinde
946 1781 986 1839 (c.
1005 1775 1056 1840 lt),
1072 1779 1103 1826 ut
1119 1775 1320 1836 ltpieurecrum
1341 1776 1429 1825 diluat
1447 1773 1656 1836 cavillationes,
1673 1770 1846 1834 pbilosophis
1864 1754 1906 1820 uti

680 1856 770 1908 licere
785 1859 901 1923 fabulis,
930 1864 958 1910 et
976 1862 1016 1924 (c.
1034 1860 1075 1924 ³.)
1094 1859 1213 1922 quinque
1231 1859 1300 1910 dicit
1318 1873 1384 1910 esse
1401 1872 1509 1924 genera
1526 1858 1711 1920 somniorum,
1738 1861 1822 1918 atque
1834 1853 1908 1905 ‚Sci-

680 1940 774 2005 picnis
790 1943 925 2011 somnium
945 1945 979 1996 ad
998 1945 1087 2007 prima
1104 1944 1159 1995 tria
1176 1958 1283 2008 genera
1300 1957 1387 2007 posse
1408 1944 1524 2010 reterri,
1560 1955 1632 2006 quae
1651 1943 1715 1992 sola
1738 1939 1907 1991 valeantad
1972 1982 1978 2002 ,.

682 2014 892 2094 dimnaticum,
906 2029 936 2079 in
954 2029 1112 2092 scipionem
1127 2033 1219 2081 antem
1235 2029 1389 2081 convenire
1409 2031 1465 2078 tale
1483 2027 1630 2093 somnium,
1645 2025 1801 2088 insertique
1817 2024 1908 2075 inter-

681 2113 868 2174 pretationem
885 2115 1026 2165 Homerici
1042 2110 1166 2181 figmenti
1183 2117 1217 2165 de
1235 2117 1343 2166 duabus
1358 2114 1464 2164 somnii
1481 2114 1581 2177 portis.
1615 2114 1685 2163 'Pom
1704 2098 1745 2175 (c.
1761 2109 1801 2175 i.)
1821 2108 1908 2160 cioc-

683 2197 764 2248 ronla
783 2200 956 2262 propesitum
974 2203 1063 2251 tentat
1081 2201 1207 2263 aperire,
1225 2201 1298 2264 quod
1317 2199 1386 2250 dicit
1404 2212 1485 2265 esse,
1508 2204 1540 2248 ut
1558 2201 1694 2259 appareat
1709 2195 1817 2246 animas
1835 2195 1906 2245 bene

684 2281 720 2331 de
736 2284 881 2345 republica
898 2283 1059 2335 meritorum
1078 2290 1144 2346 post
1161 2290 1277 2335 mortem
1295 2286 1376 2335 eaelo
1395 2282 1473 2333 reddi
1485 2288 1520 2334 et
1536 2283 1595 2333 illic
1612 2284 1748 2344 perpetua
1765 2279 1827 2345 irui,
1839 2280 1907 2329 bea-

685 2365 813 2431 titudine,
833 2367 963 2430 additque
982 2369 1142 2433 scipionem
1161 2369 1215 2420 sibi
1233 2382 1299 2420 esse
1316 2368 1407 2419 videri
1424 2375 1474 2432 per
1491 2368 1608 2437 anietem
1627 2366 1655 2417 in
1673 2367 1768 2415 lacteo
1787 2364 1908 2414 circulo.

751 2451 809 2502 lam
828 2453 930 2503 transit
946 2455 981 2503 ad
1000 2452 1090 2516 ipsius
1110 2436 1215 2505 somnii
1235 2456 1336 2519 verba,
1364 2458 1393 2504 et
1411 2453 1524 2515 primum
1543 2451 1652 2515 quidem
1669 2450 1705 2500 ad
1722 2463 1782 2500 eam
1800 2456 1907 2513 partem

684 2546 757 2597 quae
774 2537 873 2586 ιιι-ἀι
892 2539 1030 2604 numeris,
1054 2543 1083 2589 et
1101 2541 1187 2589 verba
1207 2539 1316 2603 (somn.
1335 2538 1375 2601 ll,
1398 2539 1454 2601 2.):
1478 2529 1624 2596 Nemeam
1643 2541 1719 2587 oetas
1731 2540 1784 2596 *tuo
1803 2540 1912 2600 septe.

683 2632 741 2668 aon
759 2619 860 2670 octies
878 2621 942 2673 solie
958 2625 1105 2686 rauracius
1121 2623 1273 2690 reditusque
1291 2623 1446 2674 coaomterit
1464 2625 1533 2684 cet,
1568 2621 1610 2671 ita
1630 2619 1852 2683 interpretator„
1876 2622 1908 2669 ut

685 2701 894 2755 Platonicorum
912 2708 1038 2768 proterat
1057 2713 1212 2758 commenta
1229 2709 1269 2772 (c.
1285 2708 1325 2773 b.)
1342 2709 1375 2758 de
1394 2707 1542 2759 octonario
1560 2711 1589 2755 et
1606 2705 1646 2770 (e.
1662 2704 1701 2770 b.)
1723 2706 1757 2754 de
1774 2709 1909 2766 septena·

685 2784 730 2837 rio
753 2799 883 2855 numero,
917 2804 1007 2854 neque
1031 2794 1065 2850 de
1087 2792 1130 2842 bis
1153 2793 1239 2855 solis,
1273 2793 1324 2843 sed
1347 2792 1431 2844 etiam
1453 2792 1488 2842 de
1508 2792 1547 2842 iis
1564 2790 1685 2845 numeris
1704 2802 1740 2839 ex
1762 2789 1862 2852 qtribns
1881 2787 1908 2840 ii
1930 2842 1933 2847 ,

686 2881 900 2948 componuntur,
915 2877 1026 2927 ratione
1043 2876 1169 2939 inprimis
1189 2877 1283 2927 habita
1300 2877 1408 2928 'Pimaei
1426 2876 1562 2927 Platonis.
1596 2875 1716 2936 Propter
1732 2875 1817 2924 verba
1836 2873 1908 2936 quae

686 2953 786 3006 ibidem
804 2958 952 3027 leguntur,
971 2960 995 3011 si
1012 2961 1154 3030 effugeris,
1173 2962 1213 3026 (c.
1231 2962 1271 3027 7.)
1291 2963 1466 3012 demonstrat
1485 2973 1569 3025 „eam
1587 2960 1689 3010 babere
1707 2960 1798 3022 legem
1816 2958 1910 3024 omnia

685 3039 734 3090 vel
752 3041 835 3105 signa
852 3046 898 3094 vel
916 3045 1040 3111 somnio,
1072 3051 1104 3098 ut
1120 3048 1154 3096 de
1173 3046 1304 3097 adversis
1322 3048 1433 3109 oblique
1454 3050 1504 3097 aut
1522 3043 1684 3109 denuntient
1706 3048 1754 3094 ant
1771 3041 1910 3094 minentur

686 3128 736 3174 aut
759 3127 919 3180 moneant.“
963 3132 1067 3181 Verba.
1080 3130 1188 3196 (Semo.
1211 3131 1344 3199 lll,1.):
1376 3130 1501 3182 Omaibrm
1523 3130 1569 3197 qui
1589 3129 1707 3196 patriam
1728 3127 1910 3180 conservarint

687 3207 838 3263 adiecerint
854 3215 975 3266 cumini
992 3223 1089 3268 certum
1105 3233 1160 3268 cese
1178 3217 1206 3267 ia
1225 3218 1298 3268 coeio
1315 3216 1452 3281 definitum
1470 3215 1555 3265 locam
1576 3214 1621 3264 obi
1638 3212 1708 3265 beati
1725 3229 1790 3263 occo
1811 3214 1909 3281 sempi-

686 3298 761 3345 terno
772 3298 912 3364 fruantur,
932 3305 1089 3362 provocant
1106 3301 1147 3366 (ι.
1165 3301 1207 3367 8.)
1225 3302 1442 3365 disputationem
1461 3301 1514 3365 „de
1533 3298 1666 3350 beatitate
1685 3310 1755 3361 quae
1774 3298 1910 3349 debeatur

688 3384 939 3435 conservatoribus
954 3383 1083 3449 patriae“
1099 3390 1128 3437 et
1146 3387 1180 3437 de
1198 3392 1331 3450 quattuor
1350 3386 1480 3436 virtutum
1498 3384 1660 3448 generibus,
1677 3396 1732 3446 qua
1748 3382 1777 3434 in
1792 3396 1824 3434 re
1842 3385 1911 3435 Plc-

688 3461 748 3515 tino
766 3466 855 3519 utitur
869 3474 996 3521 auctore.
1032 3470 1151 3532 Propter
1164 3473 1254 3522 'verba
1268 3472 1348 3536 (ib.):
1367 3470 1427 3522 binc
1443 3468 1558 3537 profecti
1571 3467 1621 3518 lnce
1638 3474 1814 3531 revertantur,
1826 3467 1910 3520 d'oeet

689 3546 730 3611 (c.
748 3550 788 3614 P.)
806 3554 979 3618 „animarum
997 3546 1134 3618 originem
1151 3568 1263 3606 maome
1280 3556 1315 3608 de
1330 3552 1442 3622 caelo“,
1461 3560 1489 3604 et
1505 3557 1620 3616 propter
1635 3554 1721 3603 verba
1739 3553 1846 3617 (somn.
1860 3555 1910 3617 lll,

689 3632 746 3699 2.):
764 3637 884 3703 quocum
900 3646 996 3701 tomen,
1016 3640 1147 3693 oiccreine
1163 3640 1219 3707 ipse
1299 3658 1362 3707 qnos
1377 3657 1424 3691 uos
1442 3637 1581 3689 exstinctor
1597 3652 1653 3688 cese
1669 3636 1868 3701 ordinarentur,
1881 3643 1911 3689 et

689 3722 778 3767 oestro
798 3735 859 3771 nero
876 3739 943 3788 quoe
960 3724 1058 3775 dicitur
1074 3725 1130 3776 cito
1147 3740 1216 3776 mors
1233 3732 1281 3788 est,
1301 3726 1341 3790 (c.
1359 3724 1415 3789 iti.)
1433 3721 1606 3789 „animarum
1624 3721 1731 3771 interos
1750 3723 1816 3774 nibil
1834 3725 1910 3774 aliud

690 3812 757 3851 esse
773 3815 853 3865 qaam
871 3805 933 3868 ipsa
951 3808 1104 3875 corpora“,
1129 3823 1209 3872 uttam
1232 3823 1291 3862 rem
1310 3808 1350 3873 (c.
1370 3808 1427 3872 11.)
1446 3807 1564 3869 amplius
1581 3805 1762 3878 persequitur
1778 3820 1794 3857 e
1813 3808 1912 3874 Plato·

689 3884 817 3938 uicorum
835 3890 977 3946 sententia
994 3892 1040 3954 qltl
1059 3883 1185 3944 statuant
1201 3895 1292 3960 „duas
1312 3906 1377 3944 csse
1396 3896 1517 3958 mortes,
1535 3903 1616 3942 unam
1635 3890 1757 3954 animae,
1781 3893 1911 3950 animalis

691 3969 830 4021 alteram“
847 3978 876 4024 et
892 3963 1004 4040 „lunam
1024 3990 1089 4027 esse
1108 3977 1183 4028 vitae
1202 3978 1355 4041 mortisque
1373 3973 1552 4041 confinium“,
1574 3981 1603 4025 et
1620 3974 1660 4040 (c.
1675 3974 1732 4040 lt.)
1748 3978 1782 4028 de
1800 3980 1911 4031 ratione

690 4053 807 4107 disserit
825 4072 901 4123 „qua
917 4061 1025 4111 animae
1044 4062 1077 4112 dc
1094 4065 1175 4114 caelo
1194 4063 1223 4113 in
1241 4063 1322 4113 buius
1341 4062 1417 4113 vitae
1433 4062 1544 4112 interna
1562 4058 1755 4126 delabantnr‘g
1778 4076 1850 4126 quae
1868 4068 1913 4116 ta-

690 4133 753 4191 m'en
770 4156 844 4210 „sua
861 4155 950 4197 morte
969 4160 1026 4204 non
1039 4140 1274 4211 'exstinguentem
1293 4147 1343 4199 sed
1363 4149 1397 4197 ad
1416 4150 1524 4209 tempus
1543 4146 1713 4211 obruantur,
1731 4150 1760 4196 et
1776 4160 1876 4199 rursus
1895 4162 1912 4200 e

690 4237 813 4290 corpore
829 4221 865 4280 'ad
885 4232 1018 4295 perennis
1037 4232 1114 4284 vitae
1131 4234 1222 4283 lucem
1241 4232 1391 4283 restitutae
1408 4231 1437 4281 in
1455 4231 1592 4294 integrum
1609 4230 1820 4281 revertantur.“
1830 4217 1833 4224 ’
1853 4234 1913 4290 De·

688 4310 753 4362 lnde
765 4312 913 4367 ciceronis
932 4319 1020 4368 rerba
1036 4318 1145 4382 (somn.
1163 4316 1214 4384 lll,
1226 4316 1282 4381 b.):
1305 4316 1393 4381 Quare
1471 4314 1625 4366 retinendus
1642 4299 1748 4365 animno
1765 4307 1806 4367 eet
1819 4316 1847 4367 ia
1864 4334 1911 4368 co-

689 4393 924 4466 stodio'eorporie,
942 4401 990 4452 nec
1004 4401 1108 4451 iniusso
1127 4401 1195 4465 eins,
1220 4418 1237 4451 a
1255 4417 1305 4467 pao
1323 4401 1368 4451 ilie
1386 4408 1424 4452 est
1439 4400 1516 4465 vobis
1536 4398 1629 4459 duos,
1653 4414 1685 4450 er
1704 4395 1843 4450 homiaem
1856 4400 1913 4453 cito

689 4480 863 4549 migrandum
880 4490 932 4548 est,
966 4497 1026 4534 curn
1045 4484 1186 4536 sententia
1204 4484 1348 4551 Platonis,
1385 4485 1430 4548 qul
1454 4486 1556 4535 doceat
1580 4482 1692 4550 „ipsam
1710 4467 1912 4548 pbilosopblam

689 4561 895 4617 meditationem
915 4581 980 4619 esse
1000 4569 1169 4636 moriendi“,
1203 4569 1246 4619 sic
1271 4570 1311 4634 (c.
1335 4567 1391 4633 1³.)
1416 4569 1564 4635 conciliat,
1595 4573 1628 4619 ut
1647 4568 1730 4618 dicat
1746 4551 1912 4635 „Platonem

689 4650 760 4699 duas
778 4662 866 4701 nosse
886 4647 991 4703 mortes
1014 4654 1147 4725 bominis,
1170 4667 1284 4718 quarum
1304 4666 1385 4704 unam
1409 4657 1525 4717 natum,
1552 4653 1674 4728 virtutes
1695 4652 1811 4704 alteram
1829 4668 1915 4717 prae·

689 4736 776 4800 stent,
794 4745 855 4784 oum
871 4737 963 4787 anima
978 4751 1082 4801 corpus
1100 4739 1241 4801 relinquat
1256 4738 1378 4789 solutum
1395 4739 1460 4802 lege
1479 4727 1609 4803 naturae,
1626 4740 1655 4787 et
1673 4749 1733 4787 eum
1751 4738 1845 4789 anima
1862 4739 1915 4790 ad-

688 4818 743 4868 lruc
760 4817 787 4868 ln
805 4830 926 4882 corpore
949 4822 1105 4873 constituta
1128 4821 1256 4883 corporis
1279 4822 1430 4873 illecebras
1453 4821 1630 4884 pbilosopbia
1648 4822 1768 4872 docente
1786 4828 1915 4874 coutem-

688 4904 738 4952 nat
757 4905 786 4952 ct
804 4916 901 4955 omnes
924 4910 1010 4979 exuat
1029 4906 1193 4968 passiones:
1227 4906 1299 4956 hanc
1325 4907 1498 4969 sapientibus
1521 4918 1586 4962 esse
1607 4908 1806 4973 expetendam,
1835 4908 1914 4959 illam

689 4997 760 5037 vero
778 4972 1038 5061 exspecantem&
1075 4990 1144 5040 'an
1164 4988 1237 5039 redit
1254 4989 1289 5040 ad
1308 4989 1455 5041 Ciceronis
1474 4990 1583 5055 (nomn.
1601 4983 1657 5056 lil,
1675 4988 1714 5054 i.)
1731 4992 1835 5054 ‚verbor
1867 4992 1915 5060 poi

688 5076 824 5122 toeromtur
838 5071 914 5124 iiiam
930 5073 1053 5144 gibbam,
1074 5090 1154 5141 quem
1166 5073 1196 5124 iu
1208 5072 1256 5125 imo
1272 5073 1369 5140 templo
1386 5074 1501 5125 medion
1517 5074 1608 5138 emes,
1626 5091 1695 5142 paor
1712 5080 1783 5127 tore
1796 5074 1915 5138 ,diuma

687 5153 780 5222 hirone
796 5156 902 5209 ιιιίιιιιιι
917 5157 999 5210 dator
1016 5166 1054 5210 oet
1071 5174 1103 5210 ιι
1119 5157 1176 5210 itit·
1194 5153 1360 5226 sempiternis
1376 5158 1497 5227 ι’ςιιίιιι,
1515 5174 1584 5225 paee
1601 5158 1692 5210 ridere
1714 5165 1739 5210 et
1755 5158 1914 5212 otetiosoo·

688 5238 770 5304 ιιιίι,
800 5244 885 5305 atque
903 5243 1076 5295 demonstrat
1094 5242 1134 5309 (c.
1151 5240 1209 5308 14.)
1231 5243 1287 5305 pura
1304 5241 1415 5295 ratione
1431 5243 1542 5296 dicatur
1561 5243 1701 5310 ,mundns
1719 5241 1763 5293 dei
1783 5244 1912 5324 tenplum
