5092 6425
687 886 782 934 axxrv
1136 808 1470 933 PROLEGOMENn

722 1040 745 1090 I.
763 1043 792 1090 at
807 1035 835 1088 in
854 1034 992 1104 principio
1005 1020 1242 1110 innittentem
1259 1048 1331 1101 qnae
1354 1032 1382 1084 io
1404 1033 1465 1086 dod.
1487 1032 1510 1085 0
1532 1033 1637 1087 omisso
1659 1039 1738 1097 suot,
1765 1040 1795 1087 el
1816 1036 1866 1101 (II,
1884 1041 1909 1100 l,

721 1128 760 1190 2)
789 1129 852 1191 post
874 1122 961 1174 verba
981 1121 1092 1189 complet
1116 1138 1194 1173 cures
1215 1137 1289 1172 meas
1311 1118 1417 1171 inserta
1442 1122 1491 1172 est'
1507 1109 1669 1188 inscriptio:
1699 1121 1745 1171 or:
1772 1120 1908 1174 atvslco

722 1207 942 1263 STEbbdRVM
965 1205 1216 1260 ntoovnnassna.
1268 1204 1347 1258 Libri
1375 1205 1411 1257 11.
1439 1212 1522 1272 caput
1543 1211 1570 1258 9.
1592 1206 1690 1257 eodem
1717 1207 1799 1258 modo
1824 1212 1908 1273 atque

721 1296 750 1349 io
771 1296 824 1348 iIlo
847 1292 944 1345 codice
964 1291 1069 1344 desinit
1090 1291 1118 1344 in
1140 1294 1241 1346 verba:
1266 1301 1297 1357 ut
1314 1310 1412 1343 ..non
1430 1292 1563 1360 requirat,
1594 1296 1623 1343 et
1640 1298 1794 1358 sequuntur
1811 1293 1909 1344 eadem

686 1398 691 1406 ·
722 1385 855 1448 excerpta
878 1396 894 1430 e
913 1377 1022 1431 Plinii
1044 1364 1335 1435 Nstuutiffiuo'rte.
1370 1374 1430 1427 Lib.
1454 1377 1476 1428 I.
1501 1394 1523 1429 c.
1546 1380 1588 1428 19.
1606 1377 1633 1443 55
1653 1380 1693 1428 la
1716 1378 1909 1431 et19.omit-

721 1471 818 1520 tuntur
832 1455 929 1518 cadem
947 1478 1018 1530 quae
1035 1462 1062 1514 in
1082 1461 1104 1512 0
1121 1462 1218 1514 addita
1237 1469 1303 1514 situl
1321 1478 1338 1515 a
1355 1462 1580 1515 manu.secunda
1596 1462 1635 1526 ο).

686 1555 716 1618 2)
735 1536 1009 1603 Emmeraueusis
1027 1547 1059 1598 Il.
1076 1552 1119 1598 78.
1138 1547 1201 1614 (aa)
1224 1549 1376 1599 membran.
1396 1566 1452 1601 sec.
1475 1548 1523 1601 III.
1549 1549 1655 1600 formae
1671 1549 1824 1616 quadratae
1841 1566 1907 1600 con-

718 1628 793 1695 tinet
817 1635 896 1688 loliis
921 1633 1138 1691 xctv-oxvfl.
1174 1632 1449 1694 Commentarios
1474 1634 1507 1687 in
1533 1634 1701 1687 Somnium
1725 1632 1907 1702 Scipionis

721 1706 806 1778 alib.
823 1724 845 1774 I.
864 1739 887 1774 c.
907 1722 947 1772 ll.
967 1720 980 1786 l
999 1722 1041 1769 at.
1064 1734 1153 1784 usqae
1170 1718 1206 1770 ad
1221 1719 1270 1770 lib.
1290 1718 1326 1770 II.
1344 1735 1404 1786 cap.
1425 1724 1451 1772 5.
1473 1721 1486 1787 ᾗ
1506 1708 1530 1772 I.
1554 1721 1653 1773 verba:
1677 1712 1762 1773 ‘etium
1781 1721 1908 1772 aduersos

720 1817 792 1863 sture
810 1808 893 1860 cobis.
929 1803 1067 1872 Congruit
1090 1819 1178 1871 paene
1197 1802 1310 1855 omniuo
1329 1821 1392 1856 cum
1417 1807 1478 1858 cod.
1497 1807 1533 1871 G,
1557 1807 1599 1860 ita
1618 1814 1724 1870 tamen,
1741 1812 1774 1858 ut
1792 1823 1846 1858 non
1869 1807 1905 1859 ab

680 1940 684 1947 .
720 1895 782 1964 ipso
800 1895 852 1948 illo
871 1906 933 1945 essa
949 1872 1117 1955 descriptos,
1135 1887 1184 1939 sed
1202 1904 1235 1939 ex
1254 1890 1352 1941 eodem
1371 1891 1448 1943 tonte
1465 1907 1596 1945 manasse
1611 1893 1749 1945 videatur.
1783 1890 1905 1952 Omissa,

720 1982 806 2034 ctiam
827 1979 854 2031 in
878 1978 934 2030 line
956 1974 1023 2028 libri
1047 1975 1068 2025 Ι.
1088 1977 1117 2023 st
1139 1972 1168 2024 in
1188 1972 1327 2042 principio
1347 1975 1413 2028 libri
1432 1976 1483 2041 II.‚
1513 1995 1530 2030 a
1550 1977 1638 2045 reteri
1657 1986 1740 2030 mann
1757 1983 1821 2029 sont
1839 1993 1906 2042 snp-

718 2067 805 2134 pleta.
839 2064 979 2130 Excerpta
997 2060 1051 2112 illa
1066 2057 1199 2110 Pliniana
1214 2059 1349 2126 leguntur
1363 2060 1391 2112 in
1408 2061 1463 2113 hoc
1480 2062 1607 2115 cod.·lol.
1623 2056 1742 2115 axx-lt.

686 2144 715 2219 a)
732 2148 1010 2204 llmmeranensis
1028 2146 1060 2197 F.
1078 2149 1122 2198 60·
1137 2143 1200 2209 (Ei)
1218 2132 1372 2198 membran.
1390 2164 1446 2199 sec.
1458 2148 1534 2200 IIIII.
1553 2131 1678 2201 continet
1695 2147 1770 2199 inter
1783 2145 1842 2198 alia
1859 2144 1903 2196 io-

692 2293 696 2300 ,
720 2238 769 2291 liis
789 2235 945 2289 c-cxxx.
965 2250 991 2285 v.
1016 2229 1285 2308 ,Expositiouem
1312 2230 1642 2287 Commentariorum
1670 2230 1842 2287 Macrobii
1868 2231 1903 2282 ab

719 2323 802 2378 initio
821 2310 959 2389 usquead
983 2319 1031 2370 Iib.
1048 2318 1069 2369 I.
1089 2319 1193 2393 capet.
1212 2317 1297 2369 verba
1317 2318 1408 2387 γνῶθι
1430 2316 1562 2399 σεαυτὸν,
1587 2337 1659 2388 quae
1684 2336 1738 2373 uon
1762 2316 1832 2370 tanti
1851 2322 1904 2379 est,

719 2416 750 2463 ut
772 2407 958 2461 describatur.
992 2403 1096 2472 Agitur
1118 2400 1250 2454 euimde
1273 2404 1393 2457 consilio
1414 2404 1552 2459 Platonis·
1564 2407 1687 2474 itemque
1710 2401 1855 2457 Ciceronis
1874 2401 1904 2452 iu

719 2486 1028 2561 conscribendislibris
1045 2490 1079 2540 de
1097 2488 1258 2554 republica
1275 2497 1304 2542 et
1320 2491 1355 2543 de
1373 2485 1502 2557 pirrtibus
1521 2492 1746 2561 philosophiae,-
1763 2496 1792 2541 et
1813 2487 1905 2554 prima

719 2579 831 2647 quidem
849 2579 935 2629 verba
953 2576 1025 2627 haec
1043 2579 1122 2626 suut:
1160 2576 1237 2628 Plato
1260 2577 1375 2628 omnium
1395 2578 1610 2647 pbilosophorum
1629 2577 1793 2631 doctissimus
1813 2576 1840 2625 X
1854 2591 1902 2625 uo-

718 2667 819 2719 lumina
837 2648 981 2732 composuit
997 2662 1026 2712 in
1043 2677 1072 2712 re
1086 2660 1208 2729 publica.⁸
1233 2660 1335 2713 deiude
1361 2663 1410 2714 iol.
1429 2663 1487 2716 cn.
1510 2663 1647 2717 transitur
1663 2664 1698 2715 ad
1716 2659 1903 2737 titulum-Iris

718 2741 825 2804 verbim
857 2750 961 2801 'litulus
981 2763 1042 2799 octo
1065 2746 1128 2799 talis
1149 2753 1200 2798 cst:
1231 2747 1361 2800 Macrobii
1381 2751 1514 2803 Ambrosii
1535 2750 1695 2803 Orinecresis
1714 2749 1743 2799 in
1766 2747 1902 2799 Somnium

719 2837 852 2907 Scipionis
869 2841 1041 2915 commentum
1057 2832 1160 2899 incipit·
1196 2832 1253 2884 I⁷ox
1270 2842 1441 2888 commentum
1459 2837 1617 2911 explicator
1636 2851 1656 2886 c
1670 2832 1810 2887 Prisciani
1829 2831 1902 2882 libro

685 2974 690 2985 ,
718 2925 753 2977 do
778 2918 1021 2976 exhortationibus
1046 2935 1211 2985 puerorum,
1238 2919 1339 2970 deinde
1365 2921 1476 2974 nomina
1502 2920 1616 2989 propria
1642 2920 1685 2971 sic
1711 2917 1901 2986 explicantur:

679 3068 683 3075 ,
719 3010 907 3065 Macrobius
923 3022 984 3057 occo
998 3005 1084 3056 dictus
1101 3005 1180 3072 quasi
1197 3005 1298 3073 longa
1315 3006 1379 3070 cia,
1398 3014 1489 3076 utpote
1506 3008 1553 3075 psi
1572 3023 1591 3057 o
1607 3013 1679 3058 terra
1693 3020 1775 3071 usqae
1790 3003 1826 3053 od
1842 3019 1901 3053 coc-

716 3099 771 3149 lom
788 3096 916 3163 iucipiens
933 3097 1075 3155 tractatum
1091 3075 1225 3152 eatendit3
1242 3107 1260 3141 a
1276 3086 1489 3159 macros'quod
1506 3101 1544 3145 est
1561 3092 1682 3160 longus
1699 3097 1724 3141 et
1741 3089 1812 3140 dios
1831 3088 1901 3154 puod

716 3188 755 3237 est
769 3182 833 3234 oia·
857 3175 1047 3231 Ambrosius
1064 3191 1125 3227 uero
1141 3175 1227 3228 dictus
1239 3182 1278 3229 cst
1293 3177 1371 3245 quasi
1385 3179 1512 3231 deorum
1529 3162 1716 3240 etluu'uute
1733 3173 1901 3226 ambrosia

716 3268 847 3337 quaedam
863 3265 943 3317 barbo
960 3269 998 3314 est
1012 3278 1080 3329 qaae
1098 3262 1126 3312 in
1144 3256 1282 3328 saciificiis
1298 3263 1404 3315 dscrarn
1423 3264 1522 3333 opponi
1536 3264 1657 3327 solebat,
1677 3262 1808 3313 ambesis
1823 3261 1902 3327 quusi

716 3354 787 3406 cibus
802 3353 908 3404 deorum
926 3349 1063 3418 appellato
1083 3354 1128 3400 est.
1168 3349 1307 3401 Contraxit
1325 3357 1413 3406 autern
1430 3350 1478 3402 boc
1494 3366 1602 3414 nomes,
1628 3350 1693 3415 quia
1712 3345 1745 3399 de
1762 3347 1900 3397 imnmrta-

715 3439 792 3493 litots
816 3438 921 3490 deorum
947 3425 973 3488 ct
997 3434 1148 3486 animorum
1173 3434 1307 3486 tractauit.
1363 3436 1477 3501 Quilibet
1500 3437 1569 3488 enirn
1591 3435 1701 3503 spiritus
1728 3433 1761 3484 ob
1782 3432 1901 3500 antiquis

715 3523 848 3592 appellati
863 3529 923 3574 sunt
942 3521 990 3572 dii.
1029 3519 1243 3573 Orinecrssis
1258 3508 1318 3573 'sice
1331 3520 1507 3574 ·Oricresis
1525 3528 1565 3575 ert
1577 3521 1660 3589 'quasi
1678 3519 1836 3571 somniarunt
1855 3520 1899 3570 iu-

681 3658 1088 3674 m—

751 3747 777 3805 θ)
791 3739 938 3791 'Eirrsdem
962 3739 1082 3805 generis,
1098 3740 1184 3792 etiam
1207 3740 1283 3793 ulios
1311 3741 1398 3793 codex
1420 3740 1606 3794 Monacensis.
1622 3757 1685 3793 csse
1707 3739 1817 3793 ridetur
1841 3744 1897 3802 (az.

679 3806 751 3875 416.)
769 3809 922 3860 membran.
941 3823 994 3858 sec.
1013 3806 1074 3857 IIII.
1093 3808 1140 3874 qui
1160 3808 1267 3859 iirrmac
1284 3809 1438 3875 quadratae
1454 3809 1532 3861 loliis
1547 3807 1672 3861 I-bIIII.
1691 3808 1816 3859 continet
1832 3808 1899 3860 illa-

680 3877 792 3932 crobii
812 3873 1092 3927 commentarios
1112 3875 1145 3927 in
1164 3875 1336 3930 Somnium
1352 3877 1537 3945 Scipionis
1552 3876 1678 3928 subiecto
1698 3876 1758 3943 ipso
1773 3875 1898 3928 Somnio.

678 3947 741 4000 llol.
767 3947 788 3996 I.
816 3942 932 4010 legitur:
967 3941 1147 3994 nuanosn
1174 3943 1356 3995 MAGIIOBII
1385 3944 1623 3998 concinnavit
1651 3942 1689 3996 IN
1716 3943 1897 3996 SCIPIONIS

678 4011 848 4069 SOMNIVM
870 4008 1017 4062 INCIPIT.
1053 4010 1106 4062 Ubi
1123 4010 1227 4077 incipit
1239 4014 1327 4065 codex
1343 4012 1378 4075 C,
1394 4015 1473 4065 nulla
1492 4013 1603 4080 quidem
1620 4012 1761 4064 invenitur
1778 4011 1899 4077 inscrip-

678 4084 733 4145 tio,
762 4077 1438 4200 'ddpiiiiiinuiisiVl'vffidi'iiuqibfliiiciii'ii'
1458 4079 1741 4201 liimiiipimlffiu'
1765 4079 1897 4196 scriptgz:

678 4149 909 4290 ‘iiiluna
928 4145 1090 4266 intonit„
1126 4215 1222 4267 mou
1249 4149 1615 4268 uvsoci⁰minosn
1640 4153 1897 4267 iidiiiiil'ot

677 4285 781 4341 SOLIS
807 4232 1071 4341 Mlcnrrvoliin.
1106 4283 1161 4335 Sed
1180 4291 1243 4351 post
1261 4285 1310 4335 lib.
1330 4284 1364 4335 II.
1385 4300 1416 4335 ca
1438 4320 1445 4334 .
1464 4289 1491 4335 9.
1512 4284 1591 4334 nulla
1609 4289 1652 4334 est
1670 4282 1829 4344 dictinctio,
1849 4300 1897 4333 nc-

661 4353 731 4421 ·ipae
749 4355 883 4424 leguntur
900 4351 955 4402 Iroc
973 4352 1034 4401 Ioco
1053 4353 1152 4403 verba:
1167 4360 1197 4404 ut
1270 4353 1397 4419 repulsat.
1446 4353 1483 4403 ol.
1494 4351 1563 4402 arx,
1581 4350 1648 4403 libri
1667 4351 1704 4402 II.
1724 4350 1897 4416 subscriptio

676 4437 748 4487 lraec
772 4441 830 4486 est:
860 4431 1039 4490 MAGROBII
1061 4435 1241 4496 nnaaosn
1263 4435 1393 4500 ΟΟΜΤΑ,
1408 4436 1454 4486 EX
1473 4434 1656 4488 CICERONI}
1674 4434 1712 4486 IN
1728 4434 1897 4487 sonnium

677 4502 858 4555 SCIPIONIS
884 4499 1113 4553 EXPLIGII'N‘I'.
1153 4502 1214 4555 Fol.
1238 4502 1294 4554 ax.
1318 4504 1435 4585 legitur:
1465 4502 1604 4554 INCIPIT
1629 4502 1798 4555 SOMNIVIII
1824 4502 1897 4553 sca

676 4569 814 4630 I’IONIS,
842 4567 922 4619 cuius
945 4567 1096 4622 finis'sinc
1119 4571 1179 4622 ullo
1202 4569 1411 4638 subscriptione
1431 4576 1475 4638 ost
1499 4571 1550 4623 iol·
1573 4569 1660 4634 ΜΠ.
1679 4586 1704 4621 v.
1740 4570 1800 4620 Duo
1820 4568 1896 4626 alios

676 4637 789 4691 codices
812 4636 993 4687 Monacenses
1011 4652 1063 4689 ucc
1082 4638 1255 4691 blachtios
1277 4645 1407 4707 suscepto
1431 4638 1738 4691 munere-scholastico
1760 4643 1896 4689 avocatos

675 4703 817 4770 inspicere
840 4704 945 4770 potuit,
960 4721 1025 4768 nec
1050 4705 1120 4757 milri
1143 4707 1251 4772 aliquot
1273 4706 1334 4759 dics
1357 4711 1455 4775 postea
1474 4706 1619 4759 Mona'chii
1635 4707 1834 4767 commoranti,
1866 4711 1897 4758 nt

677 4773 891 4839 perlustrarem,
923 4775 1032 4836 tompus
1051 4773 1215 4839 suppetivit.
1249 4776 1308 4827 IIos
1332 4770 1354 4826 I.
1372 4776 1407 4827 G.
1426 4775 1668 4843 Krabingerus
1692 4775 1720 4827 iu
1745 4773 1838 4826 literis
1859 4775 1896 4825 ad

676 4857 721 4892 me
740 4839 814 4902 datis
837 4839 879 4890 sic
905 4838 1051 4893 describit:
1077 4842 1186 4907 „Ilmm
1206 4842 1239 4893 G.
1256 4848 1282 4894 3.
1296 4844 1412 4895 membr.
1430 4861 1485 4895 sec.
1504 4841 1565 4894 IIII.
1585 4842 1614 4893 io
1626 4846 1668 4895 4⁰.
1704 4842 1897 4894 Insuntloliis

674 4905 812 4959 I-IILIX.
848 4906 1018 4959 Somnium
1038 4907 1218 4974 Scipionis
1235 4916 1264 4961 et
1283 4910 1455 4963 Macrobii
1471 4909 1808 4963 Commentariorum
1829 4909 1895 4961 libri

674 4973 712 5026 II·
738 4991 800 5025 com
828 4974 933 5040 glossis
960 4969 1166 5042 marginalibus
1190 4984 1218 5027 et
1244 4977 1485 5031 interlinearibns.
1524 4977 1576 5029 Fol
1608 4977 1703 5030 xcix,
1721 4996 1747 5028 v.
1773 4979 1895 5040 legitur:

674 5041 855 5102 MACROBII
878 5043 1057 5095 nnaaoslt
1082 5044 1111 5093 ll.
1131 5042 1160 5095 (l.
1188 5042 1238 5094 an
1263 5044 1330 5097 Ibb.
1352 5045 1508 5099 COMMEN
1520 5035 1560 5097 I'd
1581 5046 1629 5096 ax
1648 5045 1835 5097 otcaaona
1858 5046 1894 5098 IN

673 5108 843 5162 SOMNII'M
865 5110 1046 5165 SCIPIONIS
1071 5111 1294 5164 EXPbIGIl'NT
1317 5114 1545 5166 santernam
1567 5120 1596 5165 et
1615 5109 1816 5177 ,allisanus
1833 5117 1894 5165 tor.

673 5178 791 5242 membr.
811 5195 867 5230 soc.
889 5178 952 5230 IIII.
974 5179 1002 5231 in
1025 5183 1057 5231 4⁰
1082 5178 1206 5234 continet
1224 5180 1304 5233 loliis
1327 5182 1422 5234 IIbVI.
1447 5181 1636 5234 ¹Somoium
1658 5181 1839 5249 Scipionis
1867 5187 1896 5233 ot

674 5243 843 5299 Macrobii
866 5244 1091 5300 commentar.
1111 5245 1218 5300 librum
1237 5248 1259 5300 I.
1281 5267 1343 5302 com
1362 5248 1609 5317 inscriptionibus:
1640 5251 1806 5303 Somnium
1822 5251 1893 5302 Sci·

660 5313 786 5374 pionis
802 5320 847 5368 etr
861 5316 987 5385 Incipit
1008 5316 1203 5384 Macrobius,
1222 5315 1284 5371 alne
1300 5318 1360 5372 ulla
1377 5316 1590 5387 inscriptione.“
