5092 6425
1017 920 1076 987 DE
1097 916 1240 987 vulno
1262 917 1354 986 CAP.
1374 917 1430 986 IX,
1451 917 1491 983 lt
1776 916 1841 987 303

670 1091 819 1157 transit,
844 1092 882 1143 nt
897 1103 949 1154 per
965 1093 1119 1154 temporo
1135 1090 1307 1156 declinetur,
1340 1090 1713 1156 eramfeisnerorncro.
1762 1089 1841 1143 Furio
1873 1094 1891 1142 l

668 1179 794 1238 tempore
812 1176 938 1239 perlecto
958 1173 1052 1227 deficit
1071 1179 1100 1226 et
1119 1189 1217 1227 vocem
1239 1175 1294 1227 ribi
1315 1175 1427 1227 aliunde
1444 1177 1599 1237 mutuatum
1630 1172 1749 1240 percurri
1766 1175 1839 1226 enirn

669 1261 800 1327 dicimus,
835 1260 995 1324 consorini.
1034 1260 1100 1312 Volo
1118 1273 1173 1310 non
1191 1261 1233 1311 ite
1250 1260 1408 1311 declinatur
1425 1264 1457 1310 ut
1472 1259 1556 1320 rnotor
1586 1257 1655 1309 rnoto
1672 1258 1744 1308 enirn
1761 1258 1839 1311 rudit

667 1345 754 1409 molit,
789 1345 848 1395 ooio
865 1344 905 1395 cio
922 1343 993 1408 nuit,
1030 1345 1101 1396 maio
1123 1346 1208 1396 manin
1226 1344 1336 1396 mavult.
1371 1343 1438 1395 Fero
1458 1343 1563 1394 nuliius
1582 1342 1791 1406 coniugationie
1808 1343 1838 1394 itt

667 1432 792 1481 secunde
810 1441 932 1491 persona
950 1430 1076 1492 regulam
1097 1434 1212 1495 servet,
1241 1432 1303 1494 sero
1319 1430 1388 1492 serr.
1445 1427 1498 1478 Odi
1513 1427 1577 1478 noni
1592 1426 1699 1478 memini
1713 1428 1742 1478 in
1763 1429 1838 1480 omni

666 1527 754 1575 paene
774 1514 961 1564 declinatione
981 1510 1121 1564 deficiunt.
1156 1514 1219 1564 Alia
1238 1518 1304 1565 sunt
1320 1525 1407 1577 quae,
1429 1524 1490 1563 curn
1508 1523 1684 1574 personam
1701 1513 1837 1574 primurn
1870 1517 1889 1563 8

665 1612 722 1648 non
741 1601 876 1662 labeant,
901 1600 1002 1648 habent
1020 1604 1150 1663 ceteras,
1170 1603 1202 1649 ut
1219 1615 1302 1651 ocor
1321 1604 1412 1659 oont3
1442 1614 1498 1648 ooo
1520 1596 1608 1647 enirn
1625 1597 1753 1648 lectum
1771 1611 1837 1648 non

665 1688 733 1732 est:
768 1683 834 1733 item
845 1683 920 1746 soris
933 1683 1018 1747 serit,
1038 1697 1101 1733 cunr
1114 1683 1190 1747 furio
1207 1696 1278 1733 usus
1295 1683 1423 1747 ignoret:
1453 1680 1528 1745 forie
1540 1683 1635 1745 satur,
1660 1696 1736 1735 rom
1752 1691 1837 1748 rorat,

665 1766 757 1817 dorio
776 1767 889 1828 dotum
916 1780 969 1817 nec
987 1783 1046 1818 roro
1063 1771 1155 1818 tamen
1173 1779 1227 1818 nec
1246 1767 1295 1818 dor
1308 1779 1362 1818 nec
1372 1768 1421 1831 sor
1437 1765 1557 1816 admittit
1574 1765 1745 1817 auotoritas.
1781 1767 1837 1818 He·

664 1849 838 1919 betleem,
871 1864 933 1902 cum
948 1864 1001 1903 nec
1017 1851 1095 1902 dedeo
1112 1863 1165 1903 nec
1181 1867 1279 1919 negreo
1296 1852 1478 1902 nitrelntum.
1532 1848 1625 1900 Soleo
1643 1851 1761 1901 nescit
1787 1853 1837 1903 iu·
1869 1855 1887 1903 9

666 1939 791 1986 turum:
829 1950 922 1986 cerro
946 1938 1137 1999 perlectum
1159 1937 1277 2000 negavit
1300 1936 1433 1987 activum.
1469 1932 1591 1985 (iconii
1614 1946 1739 1997 expuo
1766 1937 1838 1986 tlre-

663 2025 750 2070 moto
770 2020 903 2084 veniat,
934 2022 1028 2072 nullus
1047 2022 1203 2086 expressit,
1239 2021 1330 2072 licet
1344 2023 1457 2071 Varro
1475 2017 1580 2081 aliique
1599 2021 1725 2068 veterum
1743 2018 1837 2070 dixe-

663 2105 721 2157 rint
738 2111 875 2172 gennnt.
910 2107 979 2155 Nec
998 2095 1139 2157 mirumz'
1161 2118 1239 2156 nam
1258 2109 1291 2156 et
1308 2106 1395 2167 apud
1413 2105 1576 2154 Graeco·
1596 2105 1658 2151 tun
1676 2107 1837 2164 praeter-

664 2189 713 2240 ito
741 2189 904 2241 invenies
933 2194 1083 2253 ternpore
1103 2196 1209 2255 tqunm
1236 2190 1359 2240 futuro
1384 2199 1470 2252 pune
1499 2184 1750 2250 praesentitur
1779 2199 1836 2238 op-

652 2279 782 2340 ·rennt‚
808 2265 935 2340 ἤνεγκα
953 2269 1102 2340 ἔδραμον
1120 2272 1209 2326 odoro.

1004 2358 1076 2423 (ll.)
1100 2359 1258 2410 Declinntio
1280 2355 1491 2409 deiectiuorum.
1853 2356 1888 2406 lo

733 2441 817 2494 SUM
831 2443 944 2493 verbum
964 2443 1145 2508 defectivum,
1165 2443 1294 2507 quonian
1316 2442 1420 2493 deiecit
1437 2435 1684 2502 coniugationibus
1702 2437 1836 2499 tempori-

662 2528 715 2577 bus
732 2527 889 2589 participiis
905 2539 1020 2591 genere.
1056 2527 1271 2592 Coniugntionis
1291 2527 1363 2578 enim
1378 2525 1483 2576 nulline
1499 2527 1560 2587 θοις
1578 2526 1703 2586 tenpore
1721 2521 1833 2574 aliunde

661 2611 781 2674 accipit3
816 2611 880 2675 quid
897 2612 970 2662 enim
990 2627 1063 2662 eram
1080 2615 1109 2662 et
1123 2613 1169 2677 fui
1195 2613 1230 2663 ad
1255 2629 1313 2663 curn
1333 2602 1454 2663 attinet?
1480 2608 1656 2673 participium
1673 2614 1835 2673 praecentio

661 2697 795 2758 temporis
812 2709 868 2746 non
883 2698 980 2759 hobet;
999 2698 1113 2760 generis
1129 2698 1223 2749 itidem
1243 2697 1347 2749 nulline
1363 2698 1424 2759 θείς
1441 2694 1579 2758 gerundia
1596 2698 1626 2744 et
1642 2695 1835 2758 inperronnlin

660 2793 717 2831 non
742 2782 834 2832 labet.
887 2781 1044 2832 lndientivo
1065 2784 1147 2834 modo
1171 2782 1304 2844 temporis
1332 2779 1492 2845 praecentis
1511 2779 1618 2830 numeri
1642 2779 1884 2851 singulariodltt]

661 2880 718 2913 rom
740 2880 767 2914 eo
790 2871 843 2927 ert,
878 2870 907 2915 et
929 2867 1062 2928 pluralis:
1097 2882 1188 2918 ronne
1209 2866 1359 2918 estiennot
1395 2864 1572 2927 lnporicctot
1604 2879 1676 2915 στω
1697 2881 1758 2918 nar
1777 2871 1833 2919 etc.

661 2945 819 2998 Praeterito
838 2951 978 3010 perfecto:
1007 2951 1053 3013 fni
1065 2950 1149 3014 suisti
1229 2952 1342 3014 fuerunt
1358 2946 1505 3012 vei'suere.
1539 2948 1835 3012 Plusquampericcto:

657 3032 766 3094 suerunt
784 3032 882 3092 fueras
965 3035 1086 3096 sonant.
1104 3060 1139 3070 —
1162 3035 1329 3095 imperativo
1349 3032 1432 3083 modo
1455 3033 1490 3082 ttd
1508 3032 1659 3082 secundnm
1676 3037 1705 3084 et
1723 3037 1834 3088 terrim

660 3126 823 3175 personent:
843 3131 870 3166 et
885 3116 928 3179 rit,
943 3116 1025 3166 rimor
1042 3123 1094 3167 erte
1109 3116 1170 3166 rint.
1204 3117 1355 3166 Futurum:
1373 3121 1480 3178 estote,
1499 3122 1553 3166 orto
1570 3115 1617 3166 iiie
1634 3117 1680 3166 vel
1696 3118 1740 3182 rit,
1753 3126 1836 3172 crtotc

660 3199 714 3250 rint
733 3201 777 3249 vel
796 3205 881 3251 conto.
900 3225 933 3237 -
953 3199 1085 3263 optativo
1105 3202 1186 3252 modo
1205 3200 1338 3263 temporis
1355 3198 1514 3263 praesentis
1533 3201 1562 3249 et
1576 3198 1721 3262 praeteriti
1739 3200 1835 3265 inpet-

660 3284 743 3333 iecti:
765 3283 867 3335 utinum
886 3290 967 3336 errem
986 3301 1054 3337 erret
1068 3291 1123 3336 eto.
1159 3287 1296 3348 Tempore
1314 3284 1469 3348 praeterito
1485 3285 1613 3346 perlecto
1630 3287 1660 3334 et
1672 3285 1835 3349 plusquam-

660 3369 803 3431 perfecto:
838 3368 941 3420 utinrnn
952 3370 1066 3433 sniorern
1078 3370 1179 3435 foiorer
1204 3376 1260 3420 etc.
1311 3370 1437 3421 Futurot
1470 3367 1573 3419 ntinorn
1594 3366 1644 3444 ritu
1662 3368 1699 3419 rit
1720 3374 1776 3420 otc.
1797 3398 1831 3411 -

661 3454 845 3504 subiunctivo
863 3454 944 3503 modo
964 3457 1087 3516 temporo
1104 3456 1262 3518 praesenti:
1294 3454 1416 3505 comrirn
1433 3451 1539 3503 rirotc.
1573 3451 1746 3514 luperleeto:
1774 3472 1833 3506 coru

662 3554 743 3588 ensem
762 3554 830 3589 error
846 3543 901 3589 etc.
936 3539 1094 3590 Praeterito
1112 3542 1252 3603 perlecto:
1280 3555 1337 3589 cnon
1350 3536 1451 3602 fuerim
1465 3535 1555 3599 suerii
1576 3539 1631 3586 etc.
1665 3537 1834 3604 Pluspuorn-

660 3623 805 3684 perlecto:
830 3638 888 3672 cnm
901 3624 1016 3687 sutorem
1031 3624 1132 3688 suisset
1149 3629 1203 3675 etc.
1237 3625 1361 3674 Futuro:
1384 3637 1441 3671 eum
1453 3622 1535 3683 sucro
1547 3619 1637 3684 suerio
1655 3625 1710 3672 etc.
1733 3623 1834 3674 -ln-

659 3704 739 3757 finito
758 3708 840 3757 modo
854 3708 987 3770 temporis
1002 3709 1177 3771 praesentis:
1198 3724 1262 3771 erre,
1278 3706 1449 3771 praeterito:
1463 3704 1560 3769 suitur,
1580 3705 1691 3756 futuro:
1706 3707 1831 3769 futuroru

660 3793 699 3842 ire
718 3793 773 3856 vel,
792 3799 822 3842 ut
840 3792 898 3857 olii,
911 3795 981 3857 fore.
999 3818 1031 3830 -
1051 3793 1231 3857 participium
1248 3806 1331 3844 nnuur
1347 3790 1480 3855 temporie
1496 3788 1597 3840 futuri:
1610 3790 1724 3853 foturus
1734 3792 1833 3855 fotura

659 3878 789 3939 futurum.

728 3959 799 4026 (tu.)
824 3962 865 4010 Ad
884 3960 1089 4013 similitudinem
1108 3962 1211 4023 priorls
1227 3966 1256 4012 et
1276 3973 1349 4024 quoe
1366 3973 1402 4011 ex
1422 3973 1457 4011 eo
1476 3958 1626 4022 conposito
1650 3960 1717 4009 eunt
1743 3960 1832 4011 decli·
1850 3963 1880 4011 ll

660 4044 811 4109 patiuntur,
843 4049 873 4094 ut
890 4051 936 4095 ent
956 4046 1119 4096 Plrostlld
1134 4046 1231 4112 prodeo
1250 4046 1358 4113 prodent
1374 4050 1429 4096 etc.
1481 4042 1639 4094 Praeterito
1657 4042 1828 4117 inperfecto:

658 4128 799 4192 proderem
816 4129 945 4192 proderat
963 4134 1017 4178 etc.
1052 4130 1209 4179 Praeterito
1229 4131 1372 4192 perfecto:
1402 4128 1495 4195 profui
1509 4127 1639 4194 profuisti
1658 4131 1712 4176 etc.
1747 4128 1832 4177 Plus·

660 4212 885 4273 quamperiecto:
917 4214 1071 4278 profueram
1090 4215 1232 4278 prosnernn
1258 4216 1314 4263 etc.
1354 4213 1478 4263 Futuro:
1508 4211 1621 4278 prodero
1641 4209 1763 4277 proderis

652 4295 805 4360 proderint.
822 4321 854 4331 -
871 4296 1054 4357 luperntlvo:
1072 4296 1169 4361 prodeo
1183 4298 1277 4363 proiit,
1293 4298 1424 4363 protimus
1439 4295 1562 4362 prodeote
1575 4295 1687 4361 prosint.
1721 4296 1829 4346 Futuro

660 4383 798 4440 ternpore:
828 4379 952 4446 prodesto
969 4387 1013 4442 tn,
1029 4380 1152 4445 prodesto
1170 4381 1216 4432 itte
1234 4384 1279 4432 vel
1296 4382 1394 4448 prosit,
1411 4380 1560 4447 prodestoto
1576 4378 1679 4447 prosint
1700 4380 1746 4430 vel
1765 4396 1829 4447 pro·

658 4469 744 4513 sunto.
773 4489 808 4500 -
837 4462 969 4525 optativo
992 4466 1073 4514 modo
1098 4466 1257 4526 praesenti:
1291 4465 1395 4517 etinont
1416 4463 1567 4531 proderrern
1588 4462 1726 4530 prodorrer
1751 4462 1879 4533 cicilie]

659 4548 796 4607 'lernpore
826 4547 979 4609 praeterito
1008 4549 1134 4610 perlecto
1164 4555 1193 4600 et
1219 4550 1508 4614 plusquamperfecto:
1543 4547 1647 4598 ntinnrn
1670 4548 1830 4614 prosatorem

658 4650 685 4697 9.
725 4645 819 4712 Varro]
844 4646 892 4709 „iu
917 4647 1063 4698 Andohntn
1081 4649 1153 4715 opud
1173 4648 1263 4702 Prisc.
1281 4647 1320 4713 ll,
1347 4654 1380 4712 t,
1402 4653 1446 4699 ³8.
1468 4648 1504 4714 [p.
1524 4652 1576 4697 898
1595 4647 1654 4714 Ρ.],
1689 4646 1737 4698 ulti
1757 4646 1829 4699 llaec

648 4714 805 4785 'leguntun
830 4716 914 4765 Varro
925 4717 952 4765 in
966 4717 1117 4768 Andudoto.
1155 4717 1558 4786 Sedpuodiioeotocooit'puid
1575 4717 1728 4783 genunt.“
1747 4715 1832 4767 liunt.
1907 4741 1909 4745 ·

658 4810 692 4819 -
715 4782 814 4847 ulique
831 4789 946 4833 veterum
962 4784 1067 4836 dixerit
1084 4785 1115 4835 V.
1270 4790 1311 4836 10.
1346 4784 1448 4849 desinit
1468 4799 1489 4835 ε.
1526 4782 1586 4834 t'ld.
1604 4790 1660 4835 not.
1677 4783 1712 4834 ud
1732 4799 1755 4834 c.
1773 4788 1799 4845 9,
1815 4782 1829 4847 ᾗ

657 4853 683 4967 ξ..
701 4878 741 4930 —·
758 4850 952 4971 erum-*ncrripoi
974 4853 1109 4905 rundenic
1125 4851 1311 4919 Endlicher03
1345 4859 1370 4905 et
1394 4851 1491 4905 addidi
1515 4850 1585 4919 ipse.
1620 4859 1682 4905 not
1706 4857 1775 4912 (om-
1791 4855 1831 4910 et)

681 4932 706 4982 ε,
732 4934 750 4968 r.
771 4934 794 4968 e.
812 4935 857 4969 ern
876 4936 908 4970 e.

691 5022 716 5068 8.
746 5020 833 5087 surio]
857 5018 942 5072 itnruo
958 5023 1038 5085 soro.
1075 5019 1118 5072 ci.
1139 5024 1217 5087 fure·
1300 5024 1423 5085 futurum
1445 5022 1494 5089 ire]
1523 5020 1603 5071 Hune
1623 5020 1747 5069 'formum
1775 5016 1829 5068 inr-

658 5083 848 5149 dominnm.
1268 5092 1438 5157 probandum
1456 5106 1519 5141 erre
1536 5092 1660 5156 uppurot.
1697 5085 1756 5136 tin.
1772 5091 1829 5138 not.

691 5155 717 5202 9.
751 5156 873 5223 negavit]
895 5155 937 5207 cl.
959 5173 983 5206 c.
1004 5160 1038 5220 8,
1062 5155 1218 5221 ΝΛΜ·
1268 5159 1302 5210 ud
1340 5154 1659 5219 deditl‚'c.19,pna.

657 5218 744 5287 Μὴ·
1305 5230 1345 5278 tl.
1378 5225 1524 5293 proderint]
1542 5223 1605 5287 „ct
1619 5219 1763 5273 Sacerdot.
1778 5220 1828 5272 lin.

693 5290 732 5335 lt).
765 5287 886 5358 sumunt]
923 5291 1030 5356 „Deum
1064 5291 1217 5345 declinatio
1256 5294 1296 5357 J,
1322 5294 1337 5365 t
1363 5297 1407 5346 dl.
1441 5301 1470 5347 et
1496 5307 1568 5360 quoe
1594 5290 1636 5342 ibi
1668 5294 1831 5345 notentur.“

655 5352 776 5406 iuturi.“
791 5353 878 5409 nnn.
961 5367 974 5376 ··
1184 5417 1189 5425 Ι
1267 5364 1355 5415 Em,
