5092 6425
796 937 1272 1010 tumultuabuntur.
1314 938 1435 1005 uua
1478 941 1568 1008 GAP.
1588 944 1690 1010 xxu.
1770 946 1830 1011 129

676 1114 841 1181 randinum
867 1111 962 1188 cadit,
995 1110 1053 1176 hoc
1078 1118 1179 1175 totum
1204 1109 1235 1173 in
1262 1111 1380 1176 caelum
1408 1111 1446 1176 de
1473 1133 1544 1178 aere
1566 1113 1711 1180 delluere.
1754 1114 1830 1181 Cac-

656 1138 722 1268 ium
743 1199 828 1265 enim
851 1197 888 1262 ab
913 1196 997 1261 omni
1020 1203 1107 1282 parte
1127 1204 1228 1261 terrae
1250 1197 1454 1282 aequabiliter
1475 1199 1584 1277 distat,
1623 1207 1655 1265 et
1675 1207 1711 1266 ut
1732 1220 1749 1265 a
1775 1222 1830 1266 no-

658 1297 721 1353 stra
744 1283 934 1350 habitatione
957 1282 1000 1346 ita
1021 1289 1053 1346 et
1073 1304 1090 1346 a
1112 1281 1259 1347 lateribus
1280 1290 1349 1347 eta
1372 1292 1459 1367 parte
1487 1305 1566 1369 quae
1591 1283 1629 1349 ad
1659 1307 1716 1350 nos
1737 1285 1831 1352 babe-

658 1381 710 1438 tur
728 1371 854 1436 inlerior
875 1369 940 1455 pari
961 1367 1132 1432 altitudinis
1153 1367 1350 1432 inmensitate
1369 1368 1542 1454 suspicitur.
1585 1370 1653 1436 Nisi
1671 1392 1745 1456 ergo
1765 1392 1831 1436 om·

659 1459 708 1522 nia
731 1456 866 1543 pondera
886 1453 1041 1518 ferrentur
1063 1454 1094 1516 in
1117 1460 1245 1527 terram,
1281 1453 1396 1518 imbres
1425 1454 1477 1538 qui
1501 1463 1588 1520 extra
1610 1456 1703 1520 latera
1730 1464 1831 1521 terrae

659 1544 799 1609 delluunt
821 1562 884 1605 non
907 1539 938 1603 in
961 1546 1075 1603 terram
1099 1537 1151 1602 sed
1174 1538 1206 1602 in
1229 1537 1347 1603 caelum
1375 1538 1532 1618 caderent,
1574 1541 1657 1627 quod
1683 1541 1830 1606 vilitatem

658 1629 715 1693 ioci
737 1626 873 1692 scurrilis
894 1624 1023 1689 excedit
1064 1625 1143 1688 Esto
1163 1623 1246 1687 enim
1267 1631 1368 1688 terrae
1389 1624 1518 1710 sphaera
1538 1626 1587 1691 cui
1607 1627 1737 1712 ascripta
1757 1630 1878 1694 suntll

657 1714 800 1789 ΑΒΜ),
836 1711 915 1775 circa
945 1709 1024 1773 hanc
1046 1709 1086 1773 sit
1108 1709 1187 1773 aeris
1210 1708 1294 1773 orbis
1321 1710 1370 1774 cui
1400 1711 1531 1795 ascripta
1553 1721 1626 1777 suut
1650 1713 1715 1776 EF
1719 1711 1830 1790 GLM,

658 1808 690 1865 et
709 1808 878 1882 utrumque
901 1795 1018 1871 orbem,
1041 1793 1071 1857 id
1094 1802 1141 1858 est
1159 1801 1260 1859 terrae
1279 1803 1310 1859 et
1330 1794 1418 1871 aeris,
1440 1797 1555 1862 dividat
1577 1798 1658 1863 linea
1680 1797 1771 1863 ducta
1791 1799 1830 1864 ab

658 1886 689 1949 E
706 1903 807 1970 usque
828 1881 866 1946 ad
887 1882 928 1944 L:
965 1880 1024 1944 erit
1044 1879 1185 1964 superior
1208 1879 1266 1944 ista
1289 1901 1382 1965 quam
1406 1882 1614 1966 possidemus,
1646 1890 1678 1948 et
1698 1883 1750 1948 illa
1773 1884 1831 1949 sub

660 1969 799 2055 pedibus.
842 1966 909 2032 Nisi
933 1987 1006 2049 ergo
1028 1964 1150 2029 caderet
1171 1985 1263 2029 omne
1287 1967 1408 2050 pondus
1431 1967 1614 2045 interram,
1637 1990 1761 2053 parvam
1786 1969 1833 2034 ni·
1844 1972 1883 2035 12

661 2055 719 2120 mis
743 2052 887 2118 imbrium
911 2060 1029 2136 partem
1058 2058 1139 2114 terra
1168 2051 1247 2114 susci
1271 2060 1338 2115 eret
1365 2052 1402 2116 ab
1425 2053 1453 2115 A
1473 2073 1573 2138 usque
1599 2053 1635 2117 ad
1660 2055 1695 2130 C,
1737 2055 1834 2119 latera

661 2161 734 2206 vero
757 2139 849 2215 aeris,
872 2137 902 2201 id
923 2144 970 2201 est
992 2135 1030 2200 ab
1052 2137 1084 2199 F
1101 2157 1199 2221 usque
1221 2072 1268 2200 ad
1278 2138 1309 2200 Ε
1325 2144 1362 2200 ¹et
1384 2157 1401 2201 a
1426 2135 1454 2200 G
1473 2158 1572 2223 usque
1594 2137 1632 2202 ad
1656 2139 1695 2214 L,
1723 2138 1833 2203 humo-

662 2247 728 2290 rem
755 2245 844 2288 suum
875 2223 907 2285 in
937 2242 1040 2286 aerem
1070 2222 1250 2306 caelumque
1279 2221 1448 2286 deicerent:
1490 2223 1528 2286 de
1557 2223 1701 2287 interiore
1729 2229 1832 2288 aute'm

663 2309 738 2376 caeli
760 2306 986 2392 hemisphaerio
1009 2307 1112 2392 pluvia
1135 2307 1166 2369 in
1190 2307 1342 2370 exteriora
1365 2315 1396 2370 et
1419 2307 1488 2370 ideo
1510 2318 1637 2371 naturae
1660 2308 1763 2392 ignota
1781 2309 1834 2373 de·

664 2396 787 2469 flueret,
822 2393 900 2457 sicut
920 2392 1055 2456 ostendit
1082 2392 1218 2456 subiecta
1246 2391 1419 2478 descriptio.
1463 2391 1523 2456 Sed
1544 2392 1603 2457 hoc
1625 2393 1672 2458 vel
1694 2392 1885 2459 relellere13

663 2481 846 2564 dedignatur
868 2499 969 2542 sermo
991 2477 1126 2542 sobrius:
1158 2476 1241 2563 quod
1262 2478 1305 2541 sic
1326 2477 1493 2542 absurdum
1514 2486 1575 2553 est,
1598 2486 1634 2542 ut
1657 2479 1723 2542 sine
1745 2500 1834 2565 argu-

664 2577 838 2631 mentorum
861 2563 1031 2648 patrocinio
1056 2564 1231 2627 subruatur.
1274 2564 1382 2628 Restat
1402 2585 1490 2648 ergo,
1514 2571 1551 2628 ut
1572 2563 1766 2629 indubitabili
1787 2587 1835 2631 ra·

663 2653 748 2716 tione
772 2658 974 2715 monstratum
998 2650 1037 2712 sit
1059 2649 1090 2712 in
1115 2656 1228 2714 terram
1251 2649 1323 2714 lerri
1346 2651 1449 2713 omnia
1477 2658 1557 2714 nutu
1584 2671 1641 2715 suo
1668 2650 1885 2737 ponderaque]

664 2740 725 2801 lsta
744 2746 845 2801 autem
869 2757 949 2821 quae
968 2733 1006 2799 de
1029 2733 1088 2798 hoc
1115 2735 1195 2800 dicta
1223 2743 1295 2800 sunt
1325 2734 1560 2820 opitulabuntur
1584 2736 1673 2801 nobis
1691 2742 1722 2800 et
1741 2736 1779 2801 ad
1801 2738 1836 2802 il·

665 2823 723 2887 lius
751 2823 807 2886 loci
840 2821 1080 2906 disputationem
1113 2841 1175 2906 quo
1206 2821 1366 2907 antipodas
1399 2843 1465 2887 esse
1494 2830 1724 2887 commemorat.
1754 2821 1835 2888 ·Sed

663 2907 712 2972 hic
736 2909 865 2972 inhibita
887 2906 1119 2971 continuatione
1139 2914 1287 2976 tractatus
1309 2907 1346 2970 ad
1370 2907 1496 2973 secundi
1516 2907 1729 2974 commentarii
1749 2909 1837 2975 rolu-

664 3015 735 3058 men
757 2993 998 3079 disputationem
1019 2991 1216 3074 sequentium
1240 3012 1443 3059 reservemus.

1459 3185 1542 3247 [ΕΜ.
1566 3185 1771 3255 ricalrgrpdrb.

666 3268 786 3321 imbrium
804 3268 937 3319 niciumoe
955 3267 976 3316 l.
1004 3295 1031 3304 -
1062 3266 1178 3320 decidit
1197 3267 1228 3319 F.
1250 3296 1284 3306 -
1308 3268 1336 3319 in
1354 3270 1430 3321 coelo
1447 3270 1479 3320 de
1496 3269 1595 3321 nerelr
1635 3275 1670 3337 (g
1689 3269 1717 3320 in
1735 3286 1793 3337 mg.
1811 3269 1840 3321 in

667 3338 789 3395 coelum).
832 3337 930 3386 coelum
950 3340 1018 3394 (om.
1036 3336 1079 3394 in)
1098 3336 1131 3386 de
1150 3352 1210 3387 aere
1229 3335 1261 3386 0.
1303 3337 1336 3386 dc
1354 3354 1415 3388 aere
1433 3338 1462 3387 in
1479 3338 1578 3388 eoelum
1597 3286 1630 3387 F
1679 3354 1715 3388 en
1733 3354 1794 3388 aere
1811 3339 1841 3388 in

667 3406 768 3457 caelum
786 3402 816 3452 F.
835 3432 868 3441 -
878 3403 980 3466 sluere
998 3402 1029 3451 Β.
1051 3428 1077 3438 -
1097 3420 1134 3452 er
1153 3404 1223 3453 omni
1243 3402 1273 3452 F.
1290 3428 1322 3439 -
1340 3405 1509 3469 aequaliter
1525 3405 1608 3455 dietat
1630 3402 1651 3453 0
1669 3410 1704 3471 (g
1719 3403 1747 3454 in
1768 3410 1840 3471 mg.)

667 3470 794 3523 Baan.
814 3469 850 3529 (Ιι
870 3486 886 3520 ιι
905 3485 959 3518 sec.
981 3474 1041 3528 m).
1091 3471 1173 3521 distat
1190 3487 1256 3537 aequ
1264 3470 1356 3522 aliter
1376 3471 1498 3522 Vincent-
1516 3472 1627 3523 Bellov.
1643 3471 1725 3538 Sper.
1741 3472 1840 3523 Mundi

667 3541 717 3601 Vl,
741 3542 781 3602 4.,
812 3536 860 3588 ιιΙιί
879 3538 1012 3604 leguntur
1031 3538 1116 3587 rerba
1136 3538 1238 3588 caelum
1256 3538 1325 3589 enim
1405 3540 1513 3592 excedit.
1534 3566 1568 3577 -
1594 3557 1612 3590 a
1628 3540 1714 3591 nobie
1730 3540 1842 3592 liabetur

668 3609 797 3665 inferius
815 3605 845 3655 F.
862 3632 899 3644 -
918 3605 976 3655 Nisi
994 3606 1074 3656 enirn
1091 3605 1238 3656 rurum.
1256 3634 1290 3644 -
1307 3609 1436 3668 serentur
1454 3605 1484 3658 0.
1502 3634 1535 3645 -
1558 3617 1633 3660 entra
1651 3609 1744 3659 lutum
1763 3608 1841 3660 Vina.

669 3675 742 3725 Bcll.
763 3676 782 3725 l.
801 3692 823 3725 c.
847 3702 880 3711 -
904 3674 974 3739 quod
991 3674 1217 3725 volubilitatem
1239 3690 1258 3741 g
1277 3674 1305 3724 in
1325 3692 1382 3741 mg.
1404 3701 1437 3714 -
1467 3675 1585 3727 scurrilis
1602 3676 1653 3727 ioci
1671 3676 1748 3727 l'inc.
1768 3676 1842 3728 Bell.

669 3745 688 3794 l.
705 3760 729 3792 a.
883 3744 923 3790 ll.
959 3749 1036 3792 terra
1054 3743 1168 3809 sphaera
1185 3758 1210 3793 v.
1232 3768 1266 3779 -
1285 3760 1366 3810 arsque
1383 3743 1406 3794 Ιι
1424 3748 1494 3804 [om.
1510 3744 1560 3805 ad)
1577 3741 1609 3794 F.
1624 3772 1659 3782 -
1683 3746 1725 3797 Et
1742 3746 1792 3796 erit
1807 3744 1840 3795 Ιι.

670 3813 767 3863 etiam
787 3810 836 3860 erit
856 3808 926 3859 Bau.
1083 3813 1120 3860 12.
1161 3810 1222 3861 Nisi
1238 3810 1319 3860 enim
1339 3811 1370 3861 F.
1392 3840 1428 3851 -
1450 3812 1554 3864 littera
1570 3828 1632 3864 uero
1648 3828 1674 3863 v.
1697 3840 1733 3853 -
1760 3814 1797 3864 ud
1817 3815 1843 3865 Ε

669 3880 733 3929 edd.
751 3894 767 3927 a
786 3895 842 3927 sec.
860 3894 896 3927 m.
916 3876 966 3926 Ra.
992 3904 1017 3915 -
1046 3879 1083 3928 ab
1106 3876 1176 3928 GF.
1201 3906 1234 3917 -
1255 3895 1337 3945 usque
1358 3880 1466 3941 latum.
1486 3881 1536 3939 ad)
1555 3881 1587 3931 B.
1614 3907 1641 3918 -
1666 3881 1699 3932 de
1716 3882 1844 3946 inferiori

669 3946 758 3996 FR2l.
789 3972 824 3985 -
852 3952 957 3995 natura
987 3944 1017 3997 C.
1052 3974 1080 3983 -
1113 3947 1208 4014 ignota
1235 3943 1259 3995 B
1287 3946 1324 4006 (C
1347 3965 1407 4014 cup.
1429 3949 1493 4000 add.
1522 3965 1544 3999 r.
1566 3949 1611 4006 in)
1638 3946 1844 3999 Faunorum

670 4014 793 4079 ‚‚dngl.“
828 4014 946 4079 ignotae
965 4013 1014 4063 Rl.
1050 4015 1213 4081 incognita
1231 4012 1355 4065 Edd.SP.
1511 4017 1553 4066 1³.
1591 4016 1645 4065 Sed
1659 4014 1740 4065 llaec
1759 4015 1791 4064 F.
1814 4043 1842 4054 -

671 4084 841 4147 designatur
860 4079 891 4127 B.
911 4107 945 4116 -
969 4082 1242 4148 argumentationis
1260 4096 1322 4148 v·g.
1340 4110 1375 4121 -
1399 4084 1609 4147 manifestum
1623 4083 1658 4132 eit
1676 4081 1843 4133 Peranna.

671 4176 704 4187 -
723 4155 790 4197 nictu
809 4164 855 4197 suo
874 4148 962 4197 omnia
982 4148 1031 4198 m.
1052 4176 1084 4185 -
1105 4150 1160 4199 leta
1179 4156 1267 4198 autem
1347 4165 1507 4199 reseruemur
1526 4148 1587 4209 (lin.
1607 4147 1671 4206 lib.)
1689 4164 1744 4197 orn.
1762 4148 1792 4198 G.
1814 4177 1843 4186 —

673 4215 873 4281 opitulabuntur
895 4213 1319 4266 ssFsPtrrGulorutTaBaa.
1356 4218 1537 4282 opitulantur
1557 4214 1680 4265 Eddffl.
1703 4241 1734 4251 ·-
1758 4216 1794 4266 ad
1811 4217 1846 4267 il-

672 4285 725 4334 liue
742 4282 792 4331 laci
811 4282 1026 4346 disputationem]
1047 4282 1089 4331 Gi.
1111 4282 1146 4344 lt,
1165 4286 1190 4344 5,
1209 4285 1242 4331 24
1260 4300 1319 4348 sqq.
1338 4310 1368 4319 -
1389 4302 1439 4349 quo
1458 4281 1845 4334 Bust‘mbotlruTnusn.

674 4366 751 4418 quae
771 4348 930 4398 atalantam.
947 4376 982 4386 -
1000 4349 1041 4398 iric
1058 4355 1125 4407 (ιιιιι.
1145 4351 1204 4408 aed)
1223 4350 1272 4399 Rl.
1291 4376 1325 4387 —
1347 4351 1384 4400 ad
1398 4352 1505 4404 secundi
1520 4358 1650 4403 tractatus
1665 4352 1846 4403 commentarii

675 4420 715 4468 lit
740 4434 755 4467 a
772 4434 798 4481 p.
818 4432 853 4464 ιιι.
873 4443 903 4451 -
924 4418 1086 4481 sequentium
1105 4418 1311 4483 disputationem
1328 4419 1378 4467 Ra.

746 4486 782 4535 M.
809 4486 840 4532 A.
869 4483 915 4532 Fla.
941 4485 971 4532 V.
995 4485 1022 4534 C.
1048 4492 1072 4535 et
1092 4485 1136 4535 lli.
1163 4486 1259 4535 Corum.
1283 4486 1310 4535 in
1336 4485 1406 4551 Scip.
1437 4485 1493 4537 bib.
1513 4486 1616 4553 primur
1638 4485 1732 4553 explic.
1764 4486 1847 4553 incip.

675 4553 756 4606 secde.
776 4552 846 4600 Bl'b.
901 4552 930 4600 V.
956 4549 994 4600 Cl.
1015 4552 1143 4602 Macrobii
1161 4552 1291 4602 Ambrosii
1312 4553 1451 4604 'Flreodasii
1476 4556 1506 4605 V.
1527 4556 1555 4605 C.
1574 4562 1600 4604 et
1618 4554 1668 4605 lnl.
1692 4554 1725 4604 de
1747 4554 1848 4606 comnia

679 4620 812 4687 Scipionis
833 4619 897 4668 liber
912 4619 1014 4682 primur
1030 4620 1136 4684 explicit
1152 4617 1260 4669 Tanau.
1313 4621 1429 4686 Explicit
1446 4621 1510 4672 liber
1527 4621 1629 4689 primur
1648 4622 1783 4674 Macrobii.
1804 4624 1850 4673 ln-

677 4691 739 4755 cipit
759 4689 789 4738 ll
811 4685 832 4736 l.
886 4687 959 4736 Finit
977 4687 1042 4737 liber
1063 4688 1084 4739 l.
1108 4687 1200 4752 incipit
1219 4686 1248 4737 ll
1269 4685 1292 4735 F
1313 4703 1330 4737 a
1347 4705 1401 4739 sec.
1421 4706 1472 4750 m.;
1502 4690 1537 4739 ab
1561 4688 1622 4753 ipso
1645 4688 1763 4740 librario
1786 4695 1851 4756 port

677 4757 742 4809 libri
762 4755 789 4806 ll
812 4754 897 4807 verba
925 4758 963 4813 (c.
987 4758 1013 4818 l,
1038 4754 1050 4818 ᾗ
1072 4758 1110 4815 1.)
1136 4755 1213 4806 Nunc
1231 4754 1264 4806 de
1281 4757 1382 4808 musica
1406 4773 1494 4808 earum
1512 4758 1615 4809 ratione
1632 4756 1781 4825 disputetur
1802 4760 1852 4809 ad-

715 4934 755 4980 10.
792 4928 967 4995 aequabiliter
985 4928 1079 4998 dietat]
1102 4926 1145 4978 cf.
1165 4928 1178 4993 5
1197 4934 1223 4979 t.
1328 4935 1368 4982 13.
1404 4933 1477 4984 illius
1503 4933 1554 4984 loci
1578 4972 1602 4984 ..
1630 4951 1681 5001 qua
1709 4933 1768 4985 anti
1787 4934 1853 4985 odae
1954 4904 1957 4920 ἱ

715 4999 761 5064 qui
787 5030 810 5047 .·
836 4996 963 5064 defluunt]
990 4995 1145 5048 Dicendum
1167 5004 1241 5048 erat:
1293 5016 1347 5050 erse
1363 5002 1555 5067 commemorat]
1576 5019 1614 5053 ac.
1632 5001 1741 5063 Cicero,
1780 5018 1853 5051 omn.

681 5068 726 5131 qui
753 5102 775 5115 ..
802 5064 983 5129 defluerent:
1017 5061 1088 5116 Nam
1116 5065 1189 5116 nulli
1212 5082 1242 5116 re
1293 5067 1340 5131 Vl,
1362 5072 1385 5119 l.
1421 5068 1465 5120 (ii.
1483 5087 1507 5120 c.
1528 5074 1573 5132 20,
1593 5070 1606 5134 ᾗ
1624 5074 1650 5120 8.
1673 5070 1853 5136 quamverie-

680 5149 748 5253 pepp
780 5130 886 5248 irpbree
921 5139 999 5185 extra
1030 5132 1122 5185 lutera
1151 5139 1244 5185 terrae
1294 5136 1362 5255 ainqu
1377 5138 1578 5206 praedicatione
1592 5138 1698 5201 extulit,
1729 5135 1853 5188 ubivid.

702 5215 716 5247 e
740 5215 816 5250 ιιιιιι.
1295 5220 1355 5256 no.

719 5271 760 5315 ll.
782 5270 822 5315 12.
861 5267 925 5317 Esto
942 5266 1009 5317 eninr
1026 5268 1181 5321 ..subiecta
1199 5270 1245 5321 de-

685 5334 803 5416 scriptio]
827 5332 888 5385 vid.
906 5332 955 5401 fig.
974 5333 1026 5385 111.

1705 5422 1735 5482 b
