5092 6425
665 857 739 901 rxrv
1107 836 1444 909 PROLEGOMENA.
1520 936 1522 941 Ι

664 1004 882 1071 00⁰LXXX1V,
910 1006 1009 1060 eodem
1029 1022 1101 1061 anno
1125 1025 1180 1078 qno
1202 1007 1309 1063 dieitur
1332 1009 1421 1064 inisse
1442 1008 1600 1078 praelectus
1623 1007 1688 1062 urhl
1711 1007 1892 1078 designatus:

663 1092 720 1145 bae
746 1097 839 1145 autem
865 1092 1043 1161 praefectura
1070 1112 1133 1148 eum
1158 1096 1283 1148 iunctum
1306 1113 1370 1149 esse
1393 1095 1582 1164 intelligimus
1606 1112 1640 1148 ex
1666 1095 1807 1147 Ammiani
1829 1097 1892 1148 loco

664 1194 747 1246 quem
770 1192 854 1244 supra
879 1179 975 1247 posui,
994 1173 1096 1248 'nequo
1123 1181 1176 1235 illo
1199 1182 1312 1249 quidem
1337 1197 1409 1234 nuno
1435 1198 1489 1248 quo
1517 1197 1579 1232 cam
1607 1185 1720 1250 gereret
1748 1186 1890 1233 mortuum

668 1279 733 1316 esse
748 1262 840 1314 clucet
858 1278 892 1316 ex
909 1265 967 1317 alio
985 1265 1111 1320 eiusdem
1126 1268 1275 1337 scriptoris
1294 1269 1371 1331 loco,
1396 1267 1459 1332 (lib.
1479 1265 1605 1317 xxviii.
1620 1282 1644 1317 c.
1663 1267 1714 1330 1.),
1740 1265 1789 1316 ubi
1806 1267 1894 1318 Prae-

667 1352 790 1400 textatus
814 1363 852 1401 ex
870 1349 947 1401 urbi
967 1352 1154 1418 praelecto
1171 1352 1341 1424 deprecandi
1356 1368 1442 1404 causa
1460 1349 1564 1402 dicitur
1582 1350 1687 1401 missus
1706 1367 1769 1402 esse
1787 1350 1822 1402 ad
1839 1351 1894 1404 Va·

666 1431 864 1486 lautiniacum·
902 1435 958 1503 Qui
974 1435 1003 1488 in
1022 1436 1206 1508 inscriptione
1223 1439 1276 1492 illa
1297 1437 1475 1490 nominentur
1492 1436 1605 1488 inerunt
1623 1435 1767 1498 consules,
1786 1435 1812 1488 si
1831 1453 1894 1488 cre-

665 1518 758 1572 dimus
782 1518 866 1572 fastis
887 1523 1082 1577 consularibus
1103 1525 1253 1578 in-0rollii
1271 1524 1415 1577 0nomast.
1434 1521 1513 1573 Tull.
1531 1521 1592 1572 Vol.
1609 1520 1660 1572 lli.
1678 1538 1705 1588 p.
1723 1536 1811 1587 cnr,
1826 1521 1893 1573 anni

665 1603 898 1670 CCCLXXXVH,
921 1624 1011 1675 neque
1029 1625 1101 1662 anno
1116 1609 1281 1678 insequente
1296 1608 1371 1661 inter
1388 1606 1518 1659 eonsules
1536 1613 1709 1658 memoretur
1725 1606 1891 1660 Praetexta-

666 1693 729 1756 tus,
751 1690 863 1744 videtur
886 1709 954 1763 ergo
977 1693 1028 1747 illo
1047 1694 1109 1763 ipso
1129 1711 1200 1748 anno
1218 1694 1325 1748 obiisse
1343 1693 1418 1746 diem
1431 1709 1605 1759 supremumr
1634 1692 1683 1744 sed
1703 1690 1783 1754 vide,
1807 1708 1843 1744 ne
1862 1697 1893 1744 ut

668 1775 848 1842 consuleris,
876 1777 929 1830 illa
949 1785 1044 1833 aetate
1068 1780 1153 1833 etiam
1171 1780 1276 1833 Consul
1301 1781 1465 1849 designatus
1489 1779 1562 1831 nihil
1588 1777 1675 1830 luerit
1698 1776 1754 1827 nisi
1782 1777 1892 1829 titulus.

666 1862 747 1915 Alios
775 1863 985 1928 Praetextatus,
1015 1865 1136 1918 tortasse
1161 1872 1256 1935 pater,
1285 1872 1329 1919 est
1349 1865 1374 1917 is
1400 1866 1434 1916 de
1452 1880 1506 1930 quo
1533 1862 1701 1915 Laurentius
1727 1861 1825 1929 Lydus
1857 1863 1892 1914 de

665 1964 754 2002 mens.
771 1948 816 2000 IV.
834 1953 865 2000 2:
887 1941 917 2002 Ὁ
935 1946 966 2004 δὲ
986 1946 1197 2020 Ποαιτέξτατος,
1220 1951 1325 2018 inquit,
1344 1944 1360 2002 d
1377 1941 1565 2017 ὶερεφοῖντηεὸ
1585 1942 1730 2016 Σααοὶτοῳ
1746 1962 1776 1998 τε
1792 1947 1832 2018 τῷ
1848 1963 1891 1999 cr·

665 2032 745 2104 λεοτῇ
765 2033 813 2086 καὶ
831 2034 1030 2105 anennoeton
1046 2035 1085 2110 τῷ
1106 2030 1290 2104 αὐτοκράτορι
1307 2029 1450 2103 συλλαβὼν
1467 2029 1511 2086 ἐπὶ
1527 2033 1568 2106 τῷ
1583 2032 1706 2104 πολιομῷ
1723 2031 1773 2099 τῆς
1795 2028 1889 2085 εὐδαί-

665 2132 750 2183 μονος
768 2114 872 2186 ταύτης
887 2116 991 2181 πόλεως
1006 2127 1059 2175 cet.
1093 2121 1244 2175 Familiam
1269 2120 1331 2174 eius
1356 2118 1561 2173 nobilissimam
1587 2119 1677 2171 luisse
1699 2118 1800 2170 blahul
1821 2118 1892 2172 dicit

666 2217 730 2254 cum
755 2202 822 2256 aliis
847 2207 991 2260 exrebus
1017 2213 1075 2260 tum
1102 2206 1168 2260 indo
1197 2225 1281 2276 posse
1305 2205 1447 2274 intelligi,
1474 2204 1546 2272 quod
1566 2203 1672 2256 Paulus
1693 2203 1828 2273 Aringins
1856 2205 1890 2257 de

665 2285 756 2342 Βοιοτ
778 2290 962 2345 subterranea
985 2291 1052 2345 libri
1074 2292 1116 2345 lli
1138 2299 1222 2362 caput
1242 2291 1315 2344 XVI.
1340 2290 1516 2360 insoripserit
1532 2289 1737 2343 coemeterium
1757 2289 1892 2343 Praetex-

666 2371 732 2426 tati.

732 2459 760 2511 h.
796 2459 831 2527 Q·
850 2459 1014 2515 Aurelius
1033 2463 1272 2533 Symmachus,
1297 2464 1331 2517 ad
1355 2480 1437 2530 quem
1460 2459 1545 2514 tertio
1569 2459 1615 2512 die
1634 2466 1823 2513 convenerunt
1842 2462 1891 2526 (ci.

664 2541 721 2607 Ill,
742 2547 789 2608 20,
813 2549 844 2607 8;
871 2545 905 2609 V,
922 2551 952 2611 3,
973 2548 1039 2613 ln),
1072 2550 1121 2601 lib.
1141 2550 1165 2601 Ι.
1186 2567 1210 2600 c.
1238 2553 1283 2601 24.
1334 2547 1486 2616 Virgilium
1515 2545 1640 2598 deieudit
1666 2562 1683 2597 a
1710 2547 1891 2598 contumeliis

664 2628 813 2695 Evangeli‚
833 2614 935 2682 iihfll.
953 2633 1085 2700 proponit
1102 2640 1132 2685 ut
1150 2633 1293 2701 proierant
1308 2640 1433 2686 veterum
1449 2633 1572 2686 virorum
1589 2631 1676 2696 iocos,
1692 2631 1810 2700 ipseque
1827 2650 1892 2702 per·

665 2712 794 2779 sequitur
813 2712 889 2766 iocos
908 2715 1067 2781 Ciceronis,
1096 2725 1124 2770 et
1146 2719 1196 2770 lib.
1213 2719 1256 2771 lV.
1279 2718 1404 2786 loquitur
1420 2718 1454 2770 de
1472 2717 1685 2771 violentissimis
1704 2716 1827 2771 iuuentis
1845 2718 1890 2770 vel

664 2799 755 2851 sensis
773 2800 934 2854 rhetoricae
952 2804 1024 2871 apud
1046 2803 1213 2872 Virgilium,
1240 2811 1268 2856 et
1294 2804 1343 2856 lib.
1359 2803 1423 2870 vir,
1447 2821 1470 2857 c.
1488 2808 1511 2856 1.
1531 2801 1740 2872 philosophiam
1759 2818 1776 2854 a
1794 2803 1891 2857 couvi-

665 2884 721 2937 viis
741 2887 801 2938 vult
824 2886 926 2939 arceri.
961 2888 1141 2942 Praetextato
1161 2890 1210 2941 bic
1234 2891 1323 2942 multo
1345 2888 1437 2941 notior
1461 2895 1514 2942 cst.
1549 2889 1676 2958 Reliquit
1693 2887 1768 2940 enim
1793 2889 1890 2941 decem

667 2970 853 3038 epistolarum
878 2972 982 3041 libros,
1014 2975 1061 3041 qai
1090 2977 1125 3028 ad
1154 2992 1204 3027 nos
1236 2980 1437 3043 pervenerunt,
1464 2975 1623 3041 multasque
1642 2973 1757 3041 scripsit
1789 2973 1893 3026 oratio·

663 3073 728 3122 nes,
757 3075 874 3124 quarum
898 3058 1059 3128 fragmenta
1082 3062 1217 3128 quaedam
1238 3058 1346 3112 invonit
1372 3065 1457 3126 etque
1481 3059 1509 3111 in
1532 3060 1625 3111 lodem
1648 3058 1737 3110 edidit
1762 3057 1889 3127 Angelus

663 3142 766 3196 Maius.
801 3142 857 3197 Sed
878 3146 1140 3199 multo'minoribus
1159 3163 1241 3215 quum
1257 3147 1468 3198 Praetextatusn
1486 3162 1549 3197 eum
1575 3143 1707 3197 laudibus
1727 3142 1811 3194 effert
1828 3143 1890 3195 Ma-

663 3229 785 3285 crobius.
820 3229 946 3304 Namque
969 3231 1019 3284 lib.
1040 3232 1063 3285 1.
1086 3248 1146 3301 cap.
1166 3236 1190 3284 1.
1208 3233 1221 3299 §
1239 3236 1265 3285 4.
1289 3238 1388 3300 quarto
1408 3233 1518 3284 demum
1538 3232 1599 3283 loco
1616 3247 1679 3282 curn
1701 3229 1842 3291 nominet,
1860 3234 1890 3281 ct

662 3323 812 3384 praeterea
833 3322 939 3371 tantum
957 3316 1007 3370 lib.
1028 3317 1057 3368 V.
1076 3335 1136 3388 cap.
1157 3323 1181 3371 1.
1198 3320 1211 3385 ᾗ
1227 3324 1253 3370 t.
1288 3318 1452 3381 Eusebium,
1468 3316 1517 3369 ubi
1535 3317 1570 3368 de
1587 3320 1718 3382 quattuor
1735 3316 1888 3385 generibus

663 3401 777 3457 dicendi
796 3403 929 3471 loquitur,
946 3403 1016 3456 iacit
1029 3403 1184 3457 dicentem:
1201 3406 1308 3475 Pingue
1325 3412 1350 3458 et
1361 3405 1500 3472 floridum,
1517 3403 1546 3454 in
1564 3418 1615 3470 quo
1635 3401 1740 3452 Plinius
1754 3402 1890 3454 Secundus

664 3491 797 3557 quondum
822 3499 848 3545 ct
874 3509 957 3545 nnnc
985 3491 1080 3544 nullo
1101 3498 1243 3545 ueterum
1264 3492 1372 3544 minor
1395 3497 1507 3543 noetcr
1532 3479 1741 3556 Symmachus
1764 3487 1888 3541 incuriu-

665 3581 710 3626 tso·
729 3575 781 3639 ¹⁰).
1821 3622 1823 3624 ,

679 3660 682 3665 ’
729 3658 772 3710 De
790 3659 851 3713 eius
868 3651 929 3712 vita
946 3658 1018 3712 setis
1037 3660 1127 3712 multa
1150 3659 1230 3712 uobis
1250 3659 1356 3713 traditu
1375 3663 1440 3713 sunt
1458 3665 1486 3712 ct
1504 3658 1532 3711 iu
1550 3657 1639 3727 ipsius
1658 3656 1787 3725 epistolis
1810 3662 1840 3709 et
1860 3656 1889 3709 in

663 3742 760 3795 codice
777 3742 990 3810 Theodosium,
1009 3761 1080 3811 quac
1097 3744 1275 3814 collegerunt
1292 3743 1422 3812 Heynius
1440 3744 1468 3797 in
1488 3744 1635 3810 „Censura
1653 3743 1761 3812 ingenii
1782 3747 1811 3794 et
1829 3760 1889 3795 mo-

661 3845 724 3881 rum
743 3829 776 3897 Q.
795 3828 904 3882 Aurelii
918 3828 1081 3896 Symmachi
1100 3848 1162 3882 cum
1182 3830 1414 3882 memorabilibus
1437 3848 1471 3885 ex
1490 3832 1551 3885 eius
1570 3831 1755 3899 epistolarum
1775 3829 1888 3894 libris‚“

663 3915 783 3984 0puscc.
802 3917 880 3969 acad.
898 3915 952 3968 vol.
969 3914 1013 3967 l'i.
1032 3931 1059 3982 p.
1074 3918 1087 3965 1
1102 3932 1174 3982 sqq,
1191 3920 1219 3967 et
1236 3916 1361 3985 Angelus
1380 3918 1472 3969 Maius
1491 3918 1519 3969 iu
1538 3916 1712 3986 praelatione
1728 3916 1761 3968 ad
1781 3916 1815 3984 Q.
1832 3916 1889 3967 Au·

661 3999 728 4053 relii
744 4001 917 4070 Symmachi.
937 4002 968 4053 V.
985 4002 1016 4055 0.
1038 4004 1100 4053 octo
1119 4002 1277 4055 orationum
1297 4002 1467 4055 ineditarum
1485 4010 1598 4072 portcs,
1626 4019 1696 4070 ques
1720 4002 1810 4055 edidit
1827 4002 1888 4054 ble-

662 4085 977 4147 dioiooimucccxv.
1006 4092 1048 4140 8⁰.

730 4174 773 4227 De
791 4174 852 4228 eius
875 4182 968 4230 uetate
992 4170 1084 4244 atque¹
1100 4172 1254 4226 honoribus
1278 4188 1378 4241 ponam
1399 4187 1489 4239 pauca
1511 4170 1613 4225 ebiaii
1635 4171 1688 4225 illa
1711 4171 1888 4239 praefatione

661 4262 701 4328 (p.
719 4278 749 4314 ιι
767 4263 820 4329 το.)
839 4268 985 4330 excerpta:
1013 4260 1178 4326 „Generosa
1197 4259 1309 4312 familia
1324 4260 1432 4311 Romae
1450 4263 1542 4321 ortus,
1568 4256 1596 4309 in
1616 4274 1672 4323 qua
1689 4255 1889 4325 splendidissi-

660 4361 725 4398 mae
748 4346 902 4415 dignitates
923 4363 1009 4414 saepe
1030 4345 1203 4408 floruerunt,
1232 4343 1382 4396 maximum
1401 4349 1493 4396 tamen
1517 4344 1579 4410 ipse
1597 4342 1695 4410 stirpis
1715 4357 1783 4393 suae
1796 4342 1887 4395 decus

659 4431 728 4495 tuit,
754 4437 838 4498 atque
859 4431 1014 4487 innumeris
1036 4428 1191 4482 honoribus
1213 4434 1356 4504 saturatus
1378 4434 1430 4482 est.
1478 4427 1548 4481 Nem
1572 4433 1600 4480 et
1621 4434 1754 4495 quaestor
1776 4426 1832 4479 tuit
1859 4431 1888 4479 et

659 4520 773 4583 praetor
793 4520 821 4567 et
836 4515 978 4569 Lucaniae
995 4513 1227 4579 Bruttiorumque
1245 4519 1399 4568 corrector:
1420 4520 1477 4567 tum
1495 4512 1620 4567 Africam
1640 4530 1690 4583 pro
1710 4511 1827 4564 consule
1842 4527 1889 4563 re·

658 4599 716 4667 xit,
731 4616 787 4668 qua
803 4602 832 4653 iu
851 4600 997 4670 provincia
1015 4606 1122 4653 statuas
1140 4614 1249 4665 quoque
1267 4599 1382 4653 virtutis
1401 4617 1469 4669 ergo
1485 4600 1649 4672 promeruit.
1683 4599 1822 4650 Aeternne
1839 4613 1889 4649 nr-

658 4685 704 4739 bis
727 4687 933 4754 praefecturam
949 4688 1044 4754 quicto
1063 4685 1154 4738 eidem
1172 4690 1200 4736 et
1217 4684 1274 4737 iem
1292 4684 1400 4753 pridem
1419 4701 1435 4737 a
1453 4684 1604 4738 desideriis
1621 4685 1759 4738 honorum
1779 4688 1888 4735 remoto

658 4771 872 4826 Valentinianus
897 4773 995 4825 Iunior
1018 4775 1118 4840 sponte
1149 4769 1258 4823 detulit.
1299 4768 1480 4823 ordinarium
1505 4774 1574 4840 quin
1597 4770 1682 4839 ¹etium
1709 4768 1887 4822 consulatum

725 4996 771 5056 ¹⁶)
790 4993 919 5047 Aliorum
941 4995 976 5047 de
998 5012 1032 5047 eo
1051 4993 1160 5047 iudicii
1184 5011 1238 5046 non
1266 4987 1359 5047 miuus
1383 4995 1532 5062 splendida
1550 4995 1636 5049 affert
1651 4996 1722 5063 Ang.
1742 4994 1837 5047 Maius
1859 4992 1888 5045 in

651 5060 831 5183 prpeiatioue
848 5064 884 5116 ed
899 5063 961 5115 eius
979 5063 1136 5145 qrationum
1154 5061 1324 5144 ineditarum
1339 5071 1434 5129 partes
1451 5082 1478 5131 p.
1495 5065 1509 5115 1
1525 5082 1585 5132 eqq.
1600 5064 1676 5146 r'Sed
1690 5063 1779 5164 priter
1797 5062 1832 5113 de
1853 5077 1888 5169 eq
1916 5071 1920 5079 “

665 5146 682 5183 u
702 5136 762 5183 reat
782 5131 927 5194 Erasmus,
947 5147 995 5197 qur
1013 5148 1040 5183 m
1059 5129 1245 5182 Ciceroniano
1263 5136 1305 5197 (p.
1321 5134 1392 5192 141.)
1409 5131 1574 5199 Bulepboro
1593 5133 1713 5184 droentr.
1733 5132 1788 5196 „At
1804 5130 1872 5198 Sym

653 5198 832 5253 machum.in
852 5217 867 5253 e
888 5199 982 5252 istoiis
1005 5203 1138 5267 argutum
1157 5196 1333 5250 admirentur
1351 5199 1496 5266 quidam,“
1530 5201 1697 5270 respondet:
1718 5198 1887 5267 „Admiren·

654 5272 708 5333 tur,
724 5267 825 5337 quibus
844 5217 939 5323 chalo
957 5271 1001 5322 est
1018 5267 1138 5322 moleste
1154 5266 1249 5337 potius
1265 5281 1348 5335 quam
1366 5267 1439 5321 bene
1454 5268 1578 5321 dicere.“
