5092 6425
1043 894 1263 965 nnvnaao
1288 893 1439 963 osan.
1766 853 1832 966 aaa

658 1069 792 1136 arabitur,
812 1070 844 1120 ut
859 1067 981 1120 amabam
999 1067 1112 1137 amabas
1127 1068 1251 1134 amabat,
1267 1069 1403 1121 monebam
1419 1066 1542 1120 mouebat
1558 1065 1694 1132 manebat,
1711 1067 1833 1139 legebam

660 1153 769 1222 legebas
781 1153 896 1222 legebat.
926 1152 1047 1204 Plurulis
1066 1158 1157 1233 utitem
1172 1153 1279 1205 numeri
1298 1165 1421 1217 persona
1439 1151 1525 1215 prims
1540 1165 1575 1203 ex
1589 1151 1678 1214 prima
1694 1153 1833 1216 singulari

658 1242 796 1289 nascetur
812 1239 907 1288 addita
929 1236 976 1286 US
993 1236 1117 1303 syllaba,
1139 1243 1171 1286 ut
1189 1237 1311 1288 amabam
1332 1237 1503 1299 amabamus,
1525 1236 1650 1288 docebam
1667 1236 1832 1299 docebamus,

658 1322 801 1373 audiebam
820 1320 1007 1383 audiebamus,
1030 1319 1151 1388 legebam
1167 1319 1333 1389 legebamus:
1354 1323 1480 1372 secunda
1498 1333 1567 1374 vera
1591 1333 1627 1370 ex
1644 1321 1732 1382 prima
1752 1321 1834 1372 MUS

657 1407 755 1458 ultima
773 1405 801 1454 in
825 1405 1087 1469 dissonantem,
1106 1404 1261 1456 amabamus
1277 1405 1424 1468 amabatis,
1443 1405 1597 1456 &cebamus
1615 1404 1762 1468 ducebatis,
1782 1421 1833 1454 au-

659 1491 794 1540 diebamus
811 1487 972 1550 audiebatis,
992 1487 1144 1556 legebamus
1163 1488 1301 1556 legabatis.
1338 1489 1435 1540 Tertia
1449 1488 1604 1553 singularia
1621 1489 1756 1551 pluralem
1775 1492 1834 1541 tel·-

659 1574 723 1625 tiam
750 1572 858 1623 creabit
879 1571 906 1622 N
926 1571 1022 1622 littera
1044 1573 1109 1622 ante
1132 1569 1281 1622 Tiinalem
1304 1573 1488 1638 interposita,
1521 1578 1553 1624 ut
1567 1573 1676 1625 amabat
1696 1573 1832 1636 amabam,

658 1656 767 1709 docebat
784 1656 921 1720 docebant,
940 1654 1066 1707 audiebat
1083 1656 1235 1719 audiebant,
1253 1656 1359 1726 legebat
1376 1656 1508 1725 legebant.
1527 1682 1561 1694 -
1578 1656 1708 1707 Amabam
1724 1656 1834 1708 amabas
1852 1658 1885 1706 10

657 1741 780 1804 amabat,
799 1739 956 1792 amabamus
973 1739 1104 1791 amabatis
1122 1735 1266 1803 amabaat3
1289 1740 1412 1792 docebam
1498 1740 1641 1803 docebaat3
1666 1739 1883 1807 audiebamssbb]

658 1858 702 1876 ...
721 1823 883 1882 audiel'aat3
902 1821 1022 1890 legebam
1040 1855 1082 1873 ...
1105 1823 1240 1892 legebant.

797 1905 858 1956 *lle
873 1912 998 1968 tempore
1011 1908 1165 1968 praeterito
1182 1909 1310 1971 perfecto
1328 1907 1401 1959 modi
1418 1907 1563 1960 indicativi
1578 1907 1695 1960 activi*
1852 1906 1881 1958 11

727 1992 797 2052 (17.)
825 1991 911 2041 Omne
935 1991 1113 2052 praeteritum
1137 1995 1291 2055 perlectum
1317 1993 1438 2044 activum
1467 1993 1616 2047 indicativi
1638 1991 1712 2042 modi
1728 1991 1834 2055 primae

657 2087 797 2136 personae
819 2075 847 2125 in
868 2074 1020 2126 liitteram
1046 2076 1161 2143 desinit,
1198 2078 1244 2128 cui
1261 2077 1381 2128 adiectis
1400 2077 1489 2128 tribus
1505 2076 1610 2128 lltteris
1631 2065 1693 2126 s'rl
1713 2072 1764 2126 fiet
1786 2090 1834 2126 se·

658 2160 764 2226 cunda,
797 2162 828 2210 ui
851 2160 920 2210 sceui
937 2159 1055 2222 secuisti,
1085 2161 1177 2211 monui
1193 2161 1330 2222 monuisti,
1355 2161 1458 2212 matrici
1473 2159 1626 2223 nutrivisti,
1656 2158 1713 2227 legi
1732 2159 1834 2227 legisti.

657 2244 713 2293 Sed
732 2244 867 2294 interdum
889 2244 929 2295 Vl
943 2245 1065 2308 syllaba,
1084 2257 1145 2296 cnm
1161 2241 1255 2296 finalis
1274 2251 1319 2296 est
1334 2258 1451 2311 eamque
1468 2245 1579 2296 vocalis
1592 2242 1747 2309 praecedit,
1766 2245 1835 2294 sab-

659 2329 793 2395 traltitur,
828 2334 859 2379 ut
876 2328 1012 2380 autriuisti
1028 2328 1148 2391 nutristi,
1181 2329 1307 2381 amavisti
1323 2330 1436 2390 amastis
1467 2343 1525 2380 non
1542 2333 1634 2379 lamen
1651 2340 1763 2390 semper
1780 2329 1833 2378 ltoc

657 2410 719 2464 ficri
742 2425 863 2464 necesse
886 2415 945 2474 est;
976 2425 1038 2462 uam
1063 2417 1129 2463 sunt
1152 2412 1251 2477 quibua
1270 2405 1394 2480 εὐφωνία
1410 2419 1588 2465 memoratam
1608 2412 1746 2475 syllabam
1766 2413 1834 2462 snb-

658 2497 723 2548 duci
744 2497 853 2548 minime
877 2499 996 2564 patitur,
1030 2501 1062 2548 ul
1080 2496 1175 2549 cavisti
1194 2497 1309 2565 pavisti,
1342 2499 1410 2550 casti
1424 2498 1567 2567 pastinati
1584 2498 1698 2549 dieitur.
1738 2497 1833 2547 Eidem

656 2583 761 2644 primae
783 2583 915 2633 i'litteru
932 2583 1043 2632 adiecta
1060 2577 1109 2631 fiet
1124 2581 1222 2649 tertia,
1246 2583 1337 2634 amaui
1351 2584 1466 2644 amauit,
1490 2582 1581 2634 monui
1597 2582 1712 2643 monuit,
1740 2580 1835 2632 audiui

656 2667 778 2728 audivit,
797 2667 854 2736 legi
872 2666 948 2734 legit.
981 2669 1024 2717 lix
1042 2667 1138 2717 cadem
1157 2667 1249 2718 oritur
1265 2670 1294 2718 et
1312 2667 1401 2731 prima
1418 2667 1535 2730 pluralis
1551 2667 1652 2717 addita
1669 2665 1701 2716 M
1706 2664 1753 2715 us
1771 2667 1834 2728 syl·
1852 2668 1885 2716 lu

656 2753 734 2816 laba,
769 2756 800 2802 ut
818 2751 888 2801 secui
904 2750 1047 2812 tacuimus,
1065 2750 1144 2802 docui
1161 2751 1309 2816 docuimus,
1332 2751 1427 2803 audiui
1444 2751 1611 2814 audiuimus,
1632 2749 1688 2818 legi
1706 2749 1830 2818 legimus.

658 2837 696 2884 at
713 2836 840 2886 sectanda
857 2835 975 2897 pluralia
994 2837 1028 2886 de
1046 2837 1172 2887 secunda
1188 2835 1316 2888 nascitur
1337 2836 1475 2901 singulari
1496 2835 1609 2887 adiecta
1629 2834 1650 2884 S
1668 2834 1780 2899 litters,
1804 2838 1835 2885 nt

657 2919 783 2969 amavisti
797 2919 949 2982 amavistis,
978 2919 1099 2977 docuisti,
1109 2920 1249 2983 docuistis,
1280 2921 1410 2973 audivisti
1427 2919 1585 2981 audivistis,
1610 2917 1702 2987 legisti
1717 2917 1833 2987 legistis.

658 3001 755 3051 Tertia
774 3015 842 3051 aero
862 3002 980 3064 pluralis
997 3003 1121 3054 eiusdem
1142 3004 1278 3065 temporis
1304 3017 1416 3067 semper
1440 3005 1469 3055 in
1493 3002 1605 3054 auur
1622 3003 1766 3064 syllabam
1785 3003 1835 3053 de-

659 3084 739 3149 siuit,
767 3089 795 3134 ct
817 3088 932 3135 creatur
950 3097 985 3135 ex
1008 3076 1097 3148 prima
1115 3086 1254 3148 singulari
1278 3084 1385 3138 liinait
1407 3088 1469 3138 eius
1488 3086 1516 3136 ln
1535 3087 1720 3137 reconversa
1737 3089 1767 3136 et
1784 3085 1835 3136 ad-

657 3169 715 3220 dila
734 3169 846 3232 syllaba
863 3169 1036 3233 supradicta,
1054 3173 1086 3220 ut
1102 3168 1174 3220 sceui
1187 3176 1333 3236 semesum,
1350 3171 1441 3223 moaui
1457 3175 1622 3230 moaucmat,
1640 3167 1735 3220 audiui
1752 3169 1834 3220 asdi-

657 3260 765 3317 aeruat,
800 3252 856 3321 legi
878 3253 1016 3322 legeruat3
1050 3256 1203 3317 eademque
1227 3253 1340 3305 RUN'l'
1360 3255 1475 3318 syllaba
1500 3265 1702 3316 nonnumquam
1724 3251 1753 3302 in
1780 3252 1835 3302 ltu

658 3341 856 3402 commutatur,
881 3343 912 3388 ut
930 3344 1087 3390 amaucruat
1105 3354 1241 3403 amauess,
1266 3338 1410 3391 docucmat
1428 3336 1733 3401 docucrc,'audiucruat
1749 3335 1833 3387 asdi-

657 3438 730 3485 ueee,
750 3422 872 3489 legerant
889 3422 985 3489 legere.
1023 3424 1162 3473 Memento
1185 3423 1211 3473 V
1227 3434 1338 3486 quoqne
1356 3423 1414 3474 illis
1436 3420 1553 3474 subduci
1572 3422 1685 3487 solers,
1704 3434 1766 3470 cura
1794 3420 1835 3470 Vl
1853 3421 1885 3471 ta

658 3507 771 3569 syllaba
791 3507 816 3557 Τ
830 3506 995 3557 terminatur
1019 3505 1034 3556 1
1048 3507 1142 3557 vocali
1160 3509 1357 3575 antecedente,
1373 3512 1404 3558 ut
1420 3506 1523 3559 autrici
1539 3505 1633 3567 sutrii,
1651 3503 1764 3557 nutriuit
1779 3520 1832 3553 aa·

657 3591 729 3653 triit,
751 3590 846 3641 audiui
863 3590 954 3652 audii,
979 3590 1085 3643 audiuit
1101 3591 1202 3655 audiit,
1228 3591 1319 3658 cupisti
1337 3592 1421 3659 cupii,
1445 3590 1544 3657 cupidit
1561 3589 1653 3657 cupiit.
1677 3614 1713 3626 -
1736 3587 1834 3640 Amaci
1851 3588 1885 3638 tt

657 3674 783 3726 amavisti
806 3674 922 3736 amauit,
945 3673 1095 3726 amavimus
1117 3675 1257 3726 amavistis
1278 3682 1435 3727 amaverunt
1455 3676 1500 3725 vel
1519 3688 1657 3733 amaeam
1688 3672 1766 3724 domei

656 3760 800 3811 docueruut
820 3760 865 3809 vel
889 3758 1015 3819 doenum
1049 3759 1143 3825 audiui
1217 3759 1378 3812 audiverunt
1401 3761 1448 3811 vel
1471 3758 1613 3821 audivisses
1646 3757 1702 3826 lagi
1792 3755 1832 3807 le·

655 3851 754 3912 gerum
773 3845 819 3895 vel
838 3842 933 3912 legere.

859 3930 901 3979 De
920 3927 1074 3991 praeterito
1092 3929 1365 3993 plusquamperfecto
1382 3928 1455 3979 modi
1474 3925 1629 3978 indicativi,
1851 3925 1883 3972 15

726 4012 812 4062 Omne
839 4014 1020 4075 praeteritum
1052 4014 1351 4077 plusquamperiectum
1380 4013 1501 4063 activum
1530 4010 1604 4061 modi
1631 4006 1775 4060 indicativi
1802 4005 1831 4056 in

658 4092 745 4145 ΒΑΜ
761 4097 899 4159 syllabam
919 4097 1030 4147 desinit.
1062 4096 1198 4147 Nascitur
1219 4085 1310 4149 autem
1330 4098 1363 4147 de
1387 4096 1541 4158 praeterito
1567 4094 1695 4156 perlecto
1721 4092 1735 4141 l
1754 4086 1832 4139 finali

657 4177 719 4229 eius
742 4192 884 4231 conversa
904 4180 932 4230 in
951 4182 976 4231 u
993 4184 1022 4229 et
1045 4179 1140 4230 addita
1164 4182 1276 4243 syllaba
1299 4180 1477 4245 supradicta,
1510 4182 1540 4229 ut
1559 4175 1649 4228 amavi
1668 4188 1831 4237 amaveram,

658 4261 736 4315 docui
753 4263 909 4327 docueram,
939 4262 1034 4314 audiui
1050 4262 1220 4330 audiueram,
1248 4264 1306 4333 legi
1323 4264 1442 4333 legeram
1511 4289 1831 4312 .....

657 4585 682 4632 9.
720 4581 862 4632 audebam
877 4581 907 4631 V.
1026 4585 1067 4633 lt.
1099 4582 1451 4652 *Detemporepraeterito
1469 4581 1533 4650 eta]
1555 4579 1684 4633 'l'italum
1703 4573 1833 4644 supplosi

658 4649 793 4700 suadente
810 4648 993 4701 Endliclrsro.
1097 4654 1139 4701 la.
1169 4660 1232 4702 suat
1252 4651 1532 4719 quibusquibuall.
1552 4677 1579 4687 -
1597 4646 1765 4700 mealmet'.

658 4720 700 4768 15.
739 4717 869 4786 legeram]
887 4716 1017 4780 „Desinit
1034 4716 1083 4770 laio
1103 4718 1209 4770 codicis
1231 4719 1331 4770 lolium
1351 4723 1408 4782 16.;
1438 4720 1540 4771 dosunt
1557 4716 1628 4770 iolla
1645 4716 1714 4778 duo,
1732 4712 1835 4779 quibus

657 4785 871 4837 continebantur
890 4786 999 4852 reliqua
1017 4785 1051 4837 de
1068 4793 1194 4853 tempora
1212 4787 1502 4868 plusquamperfecto,
1535 4784 1667 4837 formatio
1685 4782 1773 4835 intrari
1790 4781 1834 4832 in·

656 4853 774 4905 dicativi
792 4852 896 4916 activi,
925 4853 1079 4907 declinatio
1099 4854 1244 4907 indicativi
1265 4854 1371 4921 passiva
1390 4861 1419 4906 et
1435 4855 1546 4907 initium
1566 4858 1778 4921 praeceptorum
1799 4849 1834 4898 ds

656 4922 738 4973 motio
757 4922 935 4986 imperativa.
969 4920 1058 4987 Folii,
1078 4924 1149 4988 qaod
1168 4923 1236 4975 olim
1252 4921 1382 5005 proxima
1400 4925 1569 4990 sequebatur
1586 4920 1740 4989 particula,
1764 4930 1834 4982 qut-

657 4996 721 5040 tnor
737 4989 873 5042 videlieet
890 4991 1029 5041 secundas
1049 4993 1195 5042 columnus
1217 5007 1326 5058 priores
1347 4990 1439 5043 lineas
1460 4992 1532 5043 miro
1551 5007 1618 5042 casa
1636 4992 1765 5040 servatas
1790 4984 1834 5034 iu-

656 5063 746 5108 sruat.
795 5057 865 5109 Cum
884 5075 984 5124 nempe
1003 5059 1098 5109 deceta
1118 5058 1221 5110 abhinc
1240 5058 1345 5110 seculis
1360 5059 1466 5112 amissa
1486 5059 1589 5127 pagina
1607 5059 1766 5110 atramento
1781 5050 1832 5131 ad-

656 5122 853 5188 iracundiis,
872 5126 1050 5194 praecedeuti
1069 5126 1139 5177 lolia
1157 5131 1219 5187 (16)
1239 5127 1350 5179 incauta
1366 5128 1568 5195 adplicaretur,
1588 5132 1707 5191 quatuos
1722 5120 1777 5169 baa
1796 5120 1833 5169 Ιι-

656 5206 726 5241 nsas
745 5191 865 5245 invassis
887 5194 979 5247 literis
996 5193 1025 5245 in
1045 5196 1208 5247 membrana
1224 5211 1374 5261 expressas
1389 5195 1516 5260 inerunt,
1536 5204 1656 5257 namque
1673 5187 1735 5239 Fal·
1756 5190 1787 5237 lii
1805 5201 1832 5237 v·

657 5258 711 5308 coi.
727 5260 750 5309 1.
767 5258 878 5313 isitissr
894 5264 1025 5315 obruant.
1055 5263 1137 5314 Hune
1150 5279 1218 5331 crgo
1234 5263 1269 5314 da
1286 5263 1454 5317 formatione
1471 5261 1559 5316 laturi
1577 5255 1724 5312 indicativi
1737 5253 1833 5316 activi,

656 5342 709 5392 ops
727 5326 836 5393 speculi
854 5328 956 5383 lectam
975 5330 1024 5383 liic
1041 5330 1237 5384 exhibemus.“
1258 5331 1341 5383 aaut.
