5092 6425
835 893 973 962 ccuu.
995 894 1039 963 m
1059 893 1186 964 scuu.
1208 882 1307 963 sue.
1352 899 1425 962 nm.
1444 899 1467 961 1.
1512 898 1600 966 cae.
1625 904 1664 968 x.
1792 909 1834 979 aa

656 1085 741 1130 mors
763 1070 811 1130 est
831 1072 862 1130 et
882 1066 944 1130 vita
964 1072 1099 1131 estesse
1122 1087 1192 1131 cum
1210 1067 1339 1153 superis,
1360 1068 1448 1134 lacile
1471 1069 1628 1149 discernis,
1650 1091 1729 1158 quae
1749 1098 1832 1143 mors

656 1152 787 1227 animae,
810 1171 888 1236 quac
911 1151 973 1216 vita
996 1150 1146 1216 credenda
1166 1152 1214 1228 sit,
1236 1153 1262 1216 si
1285 1155 1466 1230 constiterit,
1487 1157 1540 1242 qui
1563 1159 1647 1223 locus
1671 1158 1832 1226 habendus

656 1236 699 1300 sit
721 1234 905 1313 inferorum,
930 1244 967 1300 ut
989 1236 1107 1313 anima,
1137 1237 1210 1301 dum
1232 1239 1269 1302 ad
1293 1237 1376 1303 hunc
1397 1241 1548 1319 truditur,
1577 1243 1671 1320 mori,
1699 1266 1769 1309 cum
1792 1247 1831 1311 ab

658 1319 719 1384 hoc
741 1321 846 1405 procul
868 1329 923 1398 est,
944 1321 1006 1388 vita
1028 1321 1088 1386 lrui
1109 1330 1141 1387 et
1162 1343 1234 1388 vere
1255 1344 1416 1408 superesse
1437 1328 1587 1392 credatur.
1629 1329 1672 1393 Et
1692 1331 1764 1415 quia
1784 1333 1861 1398 to-8

657 1413 727 1470 tum
755 1414 934 1484 tractatura,
973 1428 1066 1492 quern
1089 1415 1228 1472 veterum
1251 1409 1400 1493 sapientia
1421 1410 1459 1475 dc
1483 1413 1717 1498 investigatione
1738 1415 1830 1481 huius

658 1491 848 1575 quaestionis
875 1491 1014 1574 agitavit,
1057 1491 1090 1556 in
1113 1491 1169 1557 hac
1192 1493 1337 1559 latentem
1360 1495 1525 1561 verborum
1551 1500 1703 1583 paucitate
1723 1522 1830 1587 reppe-

657 1575 735 1652 ries,
762 1598 800 1640 er
819 1576 963 1642 omnibus
983 1576 1100 1662 aliqua,
1125 1578 1238 1663 quihus
1260 1601 1317 1644 nos
1339 1579 1377 1644 de
1399 1581 1444 1645 rei
1466 1602 1558 1667 quam
1579 1585 1756 1669 quaerimus
1778 1587 1831 1650 ab·

656 1660 810 1726 solutione
833 1662 964 1738 sulliciet
984 1664 1170 1740 ammoneri,
1197 1685 1302 1729 amare
1325 1664 1482 1731 brevitatis
1504 1670 1722 1753 excerpsimus.
1764 1673 1860 1739 ita-9

655 1751 782 1830 tequam
805 1747 941 1813 studium
960 1746 1170 1833 philosophiae
1192 1750 1271 1815 circa
1295 1759 1422 1816 naturae
1445 1751 1678 1838 inquisitionem
1701 1755 1740 1819 ad
1762 1764 1830 1820 tan-

655 1837 724 1894 tum
744 1832 857 1917 vigoris
877 1834 1077 1912 adolesceret,
1116 1834 1170 1921 qui
1192 1856 1248 1920 per
1267 1835 1402 1903 diversas
1424 1846 1530 1922 gentes
1553 1847 1694 1904 auctores
1716 1840 1829 1906 eonsti-

655 1916 781 1982 tuendis
803 1918 895 1982 sacris
917 1918 1152 1985 cerimoniarum
1173 1920 1315 1999 luerunt,
1353 1922 1436 1988 aliud
1459 1944 1527 1989 esse
1554 1923 1669 1990 inleros
1697 1947 1828 2012 negave-

655 2008 732 2064 runt
752 2024 844 2087 quam
865 2003 930 2088 ipsa
951 2026 1088 2091 corpora,
1106 2005 1218 2086 quihus
1236 2006 1373 2070 inclusae
1392 2008 1512 2074 animae
1530 2029 1681 2075 carcerem
1703 2010 1828 2077 loedum

656 2087 792 2152 tenebris
814 2088 973 2154 horridum
996 2087 1139 2152 sordibus
1160 2093 1192 2148 et
1212 2107 1322 2150 cruore
1340 2089 1508 2170 patiuntur.
1550 2094 1618 2158 Hoc
1639 2094 1760 2160 animae
1778 2119 1826 2162 se·
1840 2098 1880 2164 10

656 2172 811 2256 pulcrum,
845 2173 904 2238 hoo
924 2172 1007 2237 Ditis
1028 2188 1175 2243 concava,
1206 2166 1265 2232 hoc
1286 2168 1400 2233 inieras
1424 2184 1627 2240 vocaverunt:
1663 2185 1695 2241 et
1715 2181 1829 2257 omnia,

656 2277 736 2341 quae
759 2259 821 2322 illic
843 2278 911 2322 esse
935 2254 1064 2319 credidit
1085 2251 1222 2318 lahulosa
1245 2253 1420 2338 persuasio,
1456 2254 1489 2319 in
1508 2258 1670 2333 ¹nobismet
1694 2259 1769 2344 ipsis
1796 2272 1828 2328 et

655 2341 688 2405 in
707 2342 783 2425 ipsis
803 2340 949 2405 humanis
970 2338 1149 2425 corporibus
1172 2338 1332 2423 adsignare
1355 2337 1456 2402 conati
1477 2347 1564 2403 sunt:
1586 2342 1750 2408 oblivionis
1772 2344 1829 2410 llu-

655 2426 742 2492 vium
763 2426 847 2490 aliud
868 2446 931 2489 uon
954 2445 1020 2489 esse
1042 2425 1217 2489 adserentes
1239 2445 1332 2509 quam
1352 2443 1488 2488 errorem
1509 2423 1629 2491 animae
1647 2427 1829 2493 obliviscen-

654 2511 697 2575 tis
721 2511 913 2576 maiestatem
935 2509 1014 2576 vitae
1036 2509 1161 2595 prioris,
1196 2530 1258 2594 qua
1279 2518 1445 2607 antequam
1466 2507 1498 2572 in
1519 2529 1631 2607 corpus
1652 2512 1829 2580 truderetur

654 2597 755 2681 potita
779 2603 840 2673 est,
868 2596 1026 2744 solamque
1048 2616 1114 2660 esse
1137 2593 1168 2658 in
1191 2615 1320 2680 corpore
1341 2603 1433 2660 vatam
1457 2601 1602 2679 putantis.
1644 2597 1716 2660 Pari
1736 2597 1876 2665 inter-ll

655 2682 829 2766 pretatione
846 2681 975 2764 Phleget
998 2689 1103 2744 antem
1124 2679 1248 2745 ardores
1267 2680 1382 2745 irarum
1402 2687 1434 2745 et
1451 2679 1653 2765 cupiditatum
1673 2689 1830 2767 putarunt,

656 2767 864 2832 Acherontem
889 2765 1034 2852 quicquid
1056 2764 1163 2831 iecisse
1181 2764 1336 2830 dixisseve
1358 2786 1457 2850 usque
1484 2765 1521 2829 ad
1544 2766 1699 2830 tristitiam
1722 2766 1830 2833 huma-

658 2875 716 2917 nae
738 2851 893 2918 varietatis
916 2872 1002 2915 more
1025 2871 1081 2914 nos
1105 2851 1256 2935 poenitet,
1290 2850 1440 2936 Cocytum
1462 2851 1609 2948 quicquid
1631 2851 1772 2917 homines
1795 2853 1879 2932 intas}

657 2939 774 3004 luctum
795 2937 997 3021 lacrimasque
1019 2935 1179 3019 conpellit,
1207 2935 1330 3020 Stygem
1353 2936 1498 3021 quicquid
1521 2937 1603 3003 inter
1624 2959 1657 3002 se
1678 2936 1828 3005 humanos

656 3025 776 3089 animos
803 3023 834 3087 in
856 3022 1009 3106 gurgitem
1038 3020 1150 3104 mergit
1174 3019 1326 3085 odiorum.
1373 3022 1475 3105 Ipsam
1505 3043 1629 3108 quoque
1657 3043 1827 3108 poenarum
1840 3027 1879 3094 12

657 3110 895 3194 descriptionem
917 3107 955 3171 de
979 3106 1046 3191 ipso
1068 3126 1128 3171 usu
1150 3105 1390 3170 conversationis
1413 3105 1565 3171 humanae
1588 3128 1655 3171 sum
1679 3118 1742 3172 tam
1763 3129 1829 3173 cre·

659 3195 816 3261 diderunt:
845 3192 999 3259 vulturem
1022 3192 1106 3257 iecor
1127 3191 1284 3256 inmortale
1303 3191 1468 3256 tondcrctcm
1488 3191 1563 3255 nihil
1586 3129 1677 3257 aliurl
1690 3193 1827 3279 intellegi

658 3281 798 3349 volentes
819 3299 911 3365 quarn
932 3285 1086 3346 tormenta
1107 3275 1312 3343 conscientiae
1339 3276 1473 3343 obnoxia
1499 3276 1614 3362 flagitio
1640 3278 1757 3345 viscera
1782 3280 1828 3347 iu·

1452 3429 1536 3491 [lldd.
1558 3428 1762 3500 vicuhgapdnh.

658 3526 685 3571 7.
722 3526 747 3570 ct
764 3518 821 3570 vita
838 3523 906 3578 (om.
922 3522 974 3578 ast)
993 3515 1065 3569 Bran.
1099 3522 1125 3568 ct
1142 3522 1180 3567 cst
1198 3515 1255 3567 cita
1279 3513 1380 3581 cahglr.
1399 3540 1432 3552 -
1450 3515 1485 3568 sit
1502 3514 1637 3567 habendos
1652 3517 1703 3567 Rt.
1720 3544 1754 3557 -
1773 3532 1832 3570 aum

660 3590 709 3640 hac
728 3588 797 3652 (cm.
816 3587 863 3650 ab)
879 3586 932 3636 Rl.
1083 3587 1108 3635 8.
1145 3584 1320 3635 latitantem
1344 3582 1416 3632 Bcn.
1442 3610 1470 3619 -
1495 3585 1614 3649 sufficiat
1636 3585 1712 3651 (sup.
1730 3585 1770 3651 ct)
1795 3586 1831 3637 B.

659 3682 695 3696 ·-
718 3655 893 3721 excerpimus
914 3652 1012 3705 GBcn.
1164 3657 1189 3703 9.
1230 3667 1266 3701 ac
1288 3657 1392 3702 tantum
1418 3648 1533 3701 Rauca
1556 3652 1614 3716 (Ra
1631 3669 1692 3718 sup.
1710 3670 1765 3704 sar.
1788 3655 1830 3717 d).

659 3750 694 3763 -
716 3724 749 3774 in
766 3722 954 3774 constituendis
977 3736 1037 3787 v-g.
1063 3745 1091 3757 -
1115 3718 1290 3770 horrendam
1313 3719 1364 3769 112.
1392 3744 1419 3755 ·-
1441 3726 1467 3769 ct
1482 3719 1623 3785 patiuntur
1639 3726 1708 3781 (cnr.
1726 3727 1831 3781 maore)

659 3793 711 3843 Rl.
866 3793 908 3839 10.
943 3789 1007 3839 ditis
1023 3803 1127 3855 regna
1146 3803 1261 3837 concava
1279 3787 1327 3837 Ra.
1350 3813 1374 3822 -
1397 3786 1535 3837 oblivionis
1552 3787 1620 3851 (om.
1632 3789 1762 3854 flrrvirrm)
1780 3789 1833 3841 Rl.

660 3858 799 3912 oblivionis
809 3858 925 3922 flavium
945 3856 1077 3907 naseam
1094 3854 1180 3905 nihil
1200 3854 1276 3905 aliud
1293 3870 1347 3906 cccc
1363 3852 1491 3918 ‚,0scn.“
1511 3854 1596 3906 Gran.
1648 3856 1786 3909 Letheas
1797 3859 1832 3923 fl.

660 3928 724 3996 quid
742 3926 761 3976 S
780 3924 807 3975 in
827 3942 932 4006 mg·-
960 3924 1112 4003 adserentes
1129 3937 1181 4003 am.
1201 3922 1252 3971 ue.
1312 3987 1319 4002 ο
1349 3934 1352 3939 ’
1408 3924 1448 4005 11.
1483 3921 1722 4003 dixisse-fecissetis
1740 3924 1773 3975 G.
1796 3951 1832 3965 -

659 3992 875 4113 lggmlmlhhnae
887 3996 1610 4123 σὶἷυξῖἔᾱῆέἕιξίεωᾶἲξή-ν1ξὲιιν]ιηοἔ11τ1ξι·ιὲω171ῗ,ἐξὲξ
1625 3990 1768 4107 5¹iecore
1782 4056 1832 4107 im·

658 4129 805 4183 mortalem
836 4128 879 4178 ll2
915 4154 950 4166 -
979 4125 1127 4177 tondentem
1155 4124 1212 4189 (Ra
1234 4140 1294 4187 arip.
1316 4138 1370 4171 scr.
1390 4122 1549 4185 rodentem)
1577 4121 1832 4189 GBnn.v·hspTa.‚

660 4197 798 4264 probante
820 4193 933 4245 zaunio.
975 4191 1364 4245 tcncntcmccltcndcntcm
1381 4188 1412 4239 F.
1458 4189 1648 4241 tondcrcllt.
1691 4190 1833 4241 rodentem

661 4263 766 4317 Busta.
801 4263 960 4315 tundentem
978 4259 1126 4328 gnatum.
1161 4258 1223 4310 via.
1241 4262 1298 4309 not.
1318 4282 1351 4293 -·
1369 4258 1476 4310 valant
1494 4256 1520 4306 R
1537 4261 1569 4317 (a
1588 4273 1613 4324 p.
1634 4261 1695 4316 rm).
1713 4283 1747 4293 --
1768 4263 1833 4308 m‘a·

697 4419 739 4466 10.
774 4410 912 4464 oblivionis
923 4412 1050 4479 fluvium]
1079 4411 1223 4476 ci.c.12,
1271 4406 1412 4475 intimuml.
1441 4405 1835 4475 dtultimovcrsucgoscri-

663 4485 693 4552 ᾗῇ
711 4485 795 4533 c-ta.
1274 4478 1323 4527 hot
1341 4476 1503 4541 liceretque
1521 4477 1620 4528 luctus
1638 4477 1718 4538 (coll.
1736 4476 1750 4541 ξ
1769 4480 1834 4534 11.).

698 4555 737 4602 12.
773 4548 904 4599 vulturem
921 4545 993 4597 iecur
1011 4546 1149 4599 inmortale
1161 4552 1223 4598 tan·
1274 4544 1329 4596 Sed
1341 4543 1396 4594 hac
1411 4558 1520 4607 quoque
1538 4544 1714 4609 postmodnm
1731 4559 1764 4594 ex
1778 4542 1835 4593 Eu-

662 4617 776 4683 dcntcm]
797 4616 905 4678 „Plane
923 4614 1050 4666 eiusdem
1069 4622 1152 4666 natac
1170 4613 1224 4665 Pa·
1275 4610 1381 4663 atatliia
1406 4615 1546 4661 assertum
1575 4611 1698 4677 comperi
1728 4610 1755 4661 in
1783 4627 1835 4660 no-

663 4687 748 4741 tronii
770 4675 1018 4751 epig'ramrnatium
1039 4680 1153 4751 [fragm.
1173 4679 1224 4746 lx,
1275 4678 1351 4747 peris
1371 4678 1405 4730 nd
1422 4677 1565 4729 Arbitrum
1588 4678 1749 4746 spicilegiis
1774 4677 1835 4729 lilio

663 4775 691 4824 p.
710 4760 770 4805 211.
790 4753 832 4803 ed.
851 4750 941 4817 Bip.]r
1275 4748 1366 4799 eidem
1389 4746 1531 4797 Douaaa.“
1556 4746 1643 4798 Pons.
1680 4746 1749 4797 Cum
1771 4762 1833 4796 var·

684 4826 736 4888 Qui
753 4822 844 4872 uultur
865 4820 937 4870 iecur
953 4818 1075 4870 nltimam
1094 4822 1224 4884 pererrat,
1275 4816 1320 4867 hic
1343 4816 1414 4866 iecur
1440 4814 1599 4866 tondentem
1621 4815 1761 4867 Graecum
1783 4810 1836 4864 uel·

682 4894 720 4943 Et
736 4897 827 4957 pectas
842 4887 925 4938 trahit
942 4887 1101 4951 intimasque
1111 4885 1209 4949 fibras,
1276 4898 1334 4948 ρειν
1355 4871 1430 4948 ἧπαρ
1459 4881 1487 4932 in
1513 4882 1605 4934 literis
1632 4883 1667 4935 ad
1694 4880 1835 4933 medatis

683 4959 744 5010 Νοη
762 4963 888 5023 cstqaem
906 4954 995 5007 timidi
1011 4958 1225 5019 accantpactac‚
1277 4951 1422 5000 commode
1453 4950 1629 5015 carnparuvit
1653 4950 1684 5000 A.
1710 4946 1839 5009 Iahnius,

685 5026 739 5076 Sed
757 5024 842 5075 cardis
860 5023 942 5084 mala,
960 5022 1123 5086 livoratqnc
1140 5019 1226 5071 lucus.
1277 5015 1433 5084 respiciens
1460 5018 1494 5069 ud
1523 5018 1604 5068 llam.
1633 5017 1684 5069 0d.
1712 5011 1749 5081 λ’,
1777 5019 1837 5065 518.

664 5093 720 5144 Uhi
743 5108 795 5142 nan
821 5090 955 5156 displicet
977 5084 1227 5139 fililllouaacdi-
1277 5083 1487 5136 Luciamllial.
1508 5084 1581 5149 l).l‚
1604 5089 1628 5136 1.
1665 5083 1839 5135 Dialmort.

665 5160 786 5222 vinctio,
816 5158 904 5223 Tityi
921 5164 1016 5208 vacant
1031 5162 1139 5221 pactae,
1159 5152 1228 5204 licat
1278 5156 1326 5214 30,
1346 5155 1368 5204 1.
1391 5157 1420 5203 ct
1439 5167 1511 5218 quae
1529 5150 1674 5204 adnotavit
1691 5151 1840 5201 llcmster-

666 5228 812 5293 vulgatum
835 5240 887 5275 aua
906 5240 1015 5290 qaoque
1035 5221 1144 5273 rationo
1164 5236 1228 5286 pra·
1279 5217 1388 5271 husius.
1410 5245 1444 5256 -
1467 5218 1583 5287 Virgilii
1607 5220 1694 5273 verba
1716 5216 1842 5270 afferun-

666 5295 734 5353 hum
754 5292 817 5359 [Ed.
835 5290 900 5360 Bip.
919 5291 1011 5361 lepidi,
1029 5295 1058 5341 et
1074 5305 1100 5340 v.
1117 5292 1141 5341 1.
1154 5288 1229 5357 jecor
1280 5293 1326 5341 tur
1343 5285 1429 5339 ctiam
1447 5282 1506 5339 Sat.
1526 5286 1557 5353 V,
1574 5292 1601 5351 t,
1619 5290 1662 5339 14.

1680 5372 1710 5435 *a
