5092 6425
750 918 887 985 COMM.
907 917 952 984 IN
973 915 1100 983 SOMN.
1122 913 1220 979 SCIP.
1262 915 1339 980 LIB.
1360 915 1399 980 II.
1444 914 1534 982 CAP.
1558 918 1641 982 VIII.
1662 920 1719 984 IX.
1766 922 1823 987 III

656 1111 777 1155 merum
806 1090 906 1174 ipsum
938 1094 969 1151 et
997 1087 1027 1149 in
1058 1083 1203 1149 omnibus
1230 1085 1417 1150 imitatorem
1445 1086 1512 1152 eius
1537 1087 1700 1155 Maronem
1736 1114 1827 1180 saepe

657 1176 734 1241 tales
755 1184 891 1241 mutasse
913 1170 1085 1256 particulas.
1144 1175 1209 1246 An,
1245 1171 1329 1256 quod
1351 1171 1427 1236 mihi
1449 1193 1523 1237 xero
1546 1174 1673 1260 propius
1697 1176 1856 1256 videtur‚6

651 1285 711 1349 per
730 1263 830 1326 andes
851 1280 907 1344 pro
931 1257 1129 1321 interemtos
1152 1257 1249 1320 voluit
1270 1257 1428 1342 intellegi?
1471 1258 1620 1330 Zodiacus
1642 1261 1725 1327 enim
1747 1263 1829 1330 inter

657 1348 762 1412 ambas
780 1353 962 1430 temperatas
981 1342 1123 1420 volvitur,
1144 1363 1206 1405 non
1227 1363 1283 1427 per
1303 1343 1423 1408 ambas:
1443 1341 1633 1410 familiariter
1652 1340 1758 1414 autem
1769 1372 1830 1437 per

658 1455 714 1520 pro
737 1435 950 1517 interponere
973 1426 1061 1503 solet,
1083 1427 1163 1493 sicut
1183 1427 1256 1492 alibi
1280 1448 1421 1514 quoque:

746 1519 865 1582 Cr‘rcnm
879 1538 994 1602 perque
1015 1514 1092 1578 duas
1113 1517 1147 1579 in
1168 1536 1281 1579 moran
1298 1515 1434 1602 flamines
1452 1514 1564 1579 Arctos.

660 1607 770 1689 Neque
790 1603 873 1666 enirn
892 1600 1012 1685 Anguis
1035 1600 1173 1665 sidereus
1191 1605 1303 1665 Arctos
1324 1609 1420 1665 secat:
1443 1598 1506 1675 sed,
1526 1600 1599 1664 dum
1620 1611 1652 1668 et
1674 1605 1857 1690 amplecti-'l

658 1701 710 1755 tur
732 1699 763 1755 et
785 1688 966 1761 intervenit,
992 1687 1106 1749 circum
1136 1707 1187 1750 eas
1207 1694 1239 1751 et
1261 1686 1342 1751 inter
1363 1707 1415 1751 eas
1436 1685 1585 1764 volvitur,
1609 1711 1671 1754 nou
1694 1712 1751 1776 per
1770 1714 1833 1758 eas.

658 1779 741 1861 Ergo
771 1781 873 1860 potest
899 1780 1040 1837 constare
1068 1772 1157 1837 nohis
1184 1769 1372 1850 intellectus,
1412 1771 1436 1835 si
1462 1793 1519 1857 per
1542 1775 1642 1838 ambas
1668 1796 1723 1859 pro
1751 1778 1831 1843 inter

659 1863 759 1925 armes
782 1880 868 1925 more
896 1858 992 1943 ipsius
1020 1855 1128 1942 poetae
1157 1858 1272 1923 dietum
1299 1858 1520 1937 existimemus.
1563 1859 1661 1926 Nobis
1686 1862 1769 1940 aliud
1791 1863 1859 1935 adit

660 1946 869 2011 defensionem
892 1944 973 2007 ultra
996 1943 1070 2008 haec
1088 1964 1167 2028 quae
1190 1944 1323 2010 diximus
1345 1965 1408 2008 uon
1429 1943 1571 2008 occurrit
1614 1947 1730 2012 Verum
1754 1969 1831 2033 quo-

660 2033 743 2096 niam
766 2031 797 2094 in
821 2029 923 2095 medio
945 2028 1114 2113 posuimus,
1135 2051 1214 2115 quos
1236 2031 1313 2094 lines
1338 2050 1508 2114 numquam
1531 2029 1578 2094 via
1600 2032 1830 2114 solis‘excedat,

661 2116 857 2181 manifestum
880 2123 926 2179 est
948 2123 1051 2181 autern
1073 2117 1226 2191 omuibus,
1248 2115 1323 2200 quid
1344 2117 1434 2180 Maro
1455 2114 1576 2193 dixerit,
1597 2137 1690 2202 quem
1712 2128 1856 2187 constat·

661 2204 773 2268 erroris
797 2204 950 2288 ignarum:
989 2201 1048 2265 erit
1072 2201 1187 2285 ingenii
1210 2201 1402 2286 singulorum
1429 2199 1581 2280 invenire,
1615 2201 1687 2287 quid
1710 2205 1882 2293 possitpsa]

661 2290 793 2375 amplius
814 2309 870 2374 pro
892 2287 1075 2364 absolvenda
1098 2285 1155 2352 hac
1177 2287 1358 2372 quaestione
1377 2285 1518 2350 conferri.

747 2376 803 2441 IX.
845 2374 902 2440 His
925 2394 1059 2458 quoque,
1081 2381 1117 2438 ut
1136 2373 1279 2448 arbitror,
1300 2393 1362 2436 non
1385 2371 1482 2436 otiosa
1510 2371 1700 2457 inspectione
1722 2378 1857 2443 tracta-l

661 2460 701 2525 tis
726 2483 809 2526 nunc
831 2461 868 2525 de
895 2480 1011 2524 oceano
1038 2459 1121 2546 quod
1147 2458 1344 2545 promisimus
1372 2465 1562 2545 astruamus,
1599 2480 1662 2523 non
1685 2481 1749 2525 uno
1776 2461 1831 2526 sed

1451 2627 1536 2690 [und.
1560 2628 1765 2698 rienlrgspdalr.

662 2733 722 2784 r-g.
741 2747 775 2755 -
792 2718 887 2768 scimus
905 2716 986 2768 enim
1005 2714 1036 2765 C.
1055 2745 1089 2753 —·
1104 2715 1189 2766 leuium
1204 2715 1284 2766 s-bP.
1300 2742 1334 2752 —
1351 2722 1530 2781 permutasse
1547 2704 1579 2764 F?
1613 2724 1757 2768 mutuasse
1778 2717 1836 2787 ehg

663 2791 697 2851 (g
714 2786 741 2835 in
761 2803 817 2854 mg.
835 2789 988 2844 mutasse).
1127 2787 1151 2834 (i.
1187 2801 1248 2833 nero
1268 2783 1392 2833 deletum
1411 2790 1455 2832 est
1473 2781 1500 2831 in
1520 2782 1570 2833 [rr.
1588 2810 1619 2821 -
1636 2787 1773 2853 proprius
1791 2787 1834 2837 Rs

663 2852 722 2903 uo.
744 2881 779 2891 —
801 2855 923 2923 intellegi
941 2853 1025 2905 noluit
1044 2851 1074 2903 C.
1101 2879 1127 2888 -
1158 2851 1271 2916 Circum]
1294 2851 1398 2918 Georg.
1416 2850 1444 2913 1,
1462 2853 1521 2900 245.
1548 2879 1576 2913 ,-
1602 2853 1670 2902 duas
1688 2871 1750 2921 sup.
1769 2855 1833 2905 adt.

663 2922 715 2970 Rr.
869 2928 892 2973 7.
929 2922 1045 2972 sidereas
1063 2921 1163 2987 anguis
1180 2919 1211 2971 F.
1231 2948 1252 2958 -
1280 2921 1341 2970 dam
1356 2919 1524 2985 amplectitur
1539 2924 1606 2979 (orn.
1622 2927 1660 2981 et)
1677 2921 1834 2974 F.—eorr-
1886 2957 1891 2967 .

663 2997 735 3040 stare
751 2996 837 3053 potest
854 2990 929 3040 nolis
949 2988 978 3038 F.
1019 2996 1104 3055 potest
1120 2989 1195 3038 notis
1211 2996 1330 3039 constare
1352 2987 1404 3036 Rl.
1425 3014 1458 3024 —
1480 3003 1527 3054 per
1545 2989 1636 3038 emtas
1654 2991 1681 3040 s'.
1699 3007 1749 3058 pro
1766 2993 1835 3049 inter

664 3058 755 3106 emtas
774 3061 816 3106 vl.
969 3060 995 3105 8.
1029 3057 1066 3106 nd
1086 3055 1263 3120 defensionem
1283 3056 1359 3106 aliud
1379 3055 1432 3104 Re.
1455 3082 1482 3093 -
1509 3057 1618 3107 excedit
1640 3056 1672 3107 B.
1690 3086 1724 3096 -
1746 3068 1834 3112 antem

665 3131 702 3173 est
721 3125 838 3173 omnibus
855 3123 905 3172 Re.
947 3131 984 3174 cst
1002 3124 1119 3172 omnibus
1140 3130 1227 3173 nalem
1246 3139 1270 3172 v.
1296 3151 1331 3161 -
1358 3123 1423 3188 quid
1440 3138 1488 3188 pro
1507 3123 1667 3174 absolvenda
1683 3125 1733 3176 Iac
1750 3144 1833 3193 quaa-

664 3192 747 3241 stione
762 3192 847 3257 possit
864 3191 979 3256 amplius
994 3190 1043 3241 Re.
1059 3219 1093 3229 -
1115 3191 1229 3254 conferri
1245 3189 1289 3239 CF
1307 3190 1346 3250 (G
1363 3189 1431 3254 sup.
1446 3189 1509 3249 lin.)
1527 3190 1733 3256 v-gnuonrn.
1773 3211 1836 3246 eon·

632 3299 634 3304 ,
660 3261 754 3324 fiteri
774 3256 1068 3309 uspersus-zoeth
1088 3260 1179 3325 „qnod
1199 3258 1246 3308 lric
1266 3258 1372 3308 nullius
1391 3257 1502 3307 uidetur
1520 3274 1583 3307 esse
1601 3260 1714 3324 pretii.‘⁸
1733 3262 1818 3313 Zeun.

733 3326 780 3377 lx.
822 3328 907 3393 Caput
931 3328 979 3377 IX.
1018 3328 1077 3377 don
1098 3345 1165 3387 arno,
1197 3328 1243 3378 sed
1261 3326 1478 3395 gemino-oceani
1495 3326 1595 3377 ambitu
1616 3334 1713 3377 terram
1735 3346 1836 3381 omnem

665 3395 825 3458 circumflui:
860 3402 884 3444 et
902 3394 1030 3460 quomodo
1049 3403 1167 3463 angusta
1187 3401 1364 3462 (angustata
1382 3392 1452 3461 ὡς)
1470 3394 1620 3455 certicilns,
1645 3396 1726 3446 latior
1743 3398 1836 3449 lateri·

665 3465 721 3526 bus,
736 3465 770 3513 sit
788 3462 941 3513 habitabilis
957 3470 1062 3518 nostra:
1077 3471 1131 3514 tum
1150 3463 1183 3513 de
1200 3465 1242 3514 eri
1283 3463 1348 3513 itate
1365 3462 1465 3524 oceani,
1484 3477 1559 3527 quem
1578 3477 1626 3513 nar
1643 3480 1772 3532 magnam
1790 3485 1836 3518 vo·

664 3548 762 3583 eamus.
793 3531 872 3581 ch·l).
1025 3533 1048 3581 1.
1083 3480 1308 3597 promistnasilc.
1331 3533 1361 3595 6,
1390 3528 1451 3595 §a
1478 3557 1506 3566 -
1537 3536 1693 3583 astruemus
1717 3549 1780 3603 v-g.
1801 3559 1836 3573 -

699 3703 723 3750 5.
761 3700 903 3751 Homerum
926 3714 1048 3764 ..saepe
1071 3696 1139 3749 tales
1168 3716 1227 3751 ma·
1311 3704 1337 3750 7.
1373 3698 1480 3767 Anguis
1496 3697 1623 3767 sidereus]
1640 3698 1683 3753 CI.
1701 3702 1724 3767 l,
1748 3705 1790 3768 12,
1810 3707 1836 3754 8.

666 3766 906 3835 tnssepartienlas]
930 3766 1047 3830 „Recte
1084 3764 1164 3830 Quod
1184 3768 1226 3818 in·
1282 3770 1375 3819 Crater
1392 3769 1438 3818 ille
1455 3766 1615 3818 sidereus.

665 3837 765 3904 primis
783 3838 858 3888 velet
873 3837 907 3886 dc
925 3828 1143 3901 particulaoivci,
1157 3852 1227 3901 quae
1311 3833 1434 3903 conferre]
1452 3835 1514 3885 IIoc
1533 3836 1657 3897 verbum,
1677 3836 1748 3902 quod
1769 3851 1837 3902 pau-

665 3907 721 3956 Ixuc
745 3906 888 3970 pertinere
914 3904 1054 3954 ridetur.“
1081 3902 1168 3954 Zeus.
1193 3933 1227 3944 -
1278 3901 1304 3954 ci
1335 3903 1411 3970 iique
1439 3902 1595 3954 deteriores
1621 3905 1732 3955 codices
1756 3903 1852 3955 exhi·'

665 3975 753 4025 Irnnro
794 3974 849 4024 huc
889 3971 1013 4039 pertinet
1053 3972 1227 4037 praepositio
1277 3973 1360 4036 irent,
1393 3971 1523 4037 speciosa
1554 3970 1695 4023 facilitate
1721 3969 1838 4040 suspee-

668 4044 777 4092 Graeca
795 4038 855 4107 διὰ,
874 4042 1022 4103 „amisclren
1042 4040 1161 4100 durrlr“,·
1190 4041 1226 4091 el.
1280 4046 1411 4100 tumeat,
1446 4040 1621 4105 nequesatis
1640 4057 1701 4091 cunr
1721 4058 1838 4092 eonon-

669 4109 770 4175 Odyss.
794 4103 828 4175 ir‘,
847 4112 907 4159 391.
929 4101 947 4173 ἡ
971 4103 1000 4158 di
1021 4103 1051 4157 dt
1070 4099 1164 4158 αὐτῶν
1185 4102 1228 4174 ip·
1278 4108 1356 4159 venit
1380 4105 1551 4174 praepositio
1577 4124 1644 4174 pro,
1678 4110 1837 4173 putaverim

666 4171 776 4241 χομένη.
1279 4175 1352 4226 onim
1374 4175 1549 4224 Macrobium
1577 4176 1717 4226 dicturum
1748 4176 1840 4227 fuisse

702 4248 726 4292 6.
756 4243 933 4307 familiariter
967 4247 1055 4293 a'ntem
1089 4257 1145 4306 per
1179 4259 1228 4308 pro
1279 4243 1321 4295 ad
1350 4242 1536 4293 absolvendam
1564 4242 1632 4294 dane
1660 4245 1839 4311 quaestionem

668 4311 867 4375 interponere
889 4308 963 4376 solet]
990 4308 1133 4359 Pantanus
1156 4309 1229 4364 haec
1279 4310 1401 4374 conferri.
1438 4311 1472 4361 m
1491 4311 1710 4377 confiteri,qnod
1732 4312 1840 4379 legitur

667 4378 824 4429 adnotari&
857 4378 933 4441 „Nee
950 4377 1033 4426 aliter
1049 4376 1161 4427 Patron.
1178 4378 1228 4429 Ar·
1279 4378 1307 4430 in
1328 4377 1409 4429 libris
1428 4394 1494 4428 msa.
1513 4378 1668 4445 plerisque,
1701 4381 1728 4432 id
1748 4382 1841 4433 fateor

668 4446 742 4498 biter
760 4446 810 4496 illo
829 4462 912 4495 versu
929 4444 963 4511 [a.
984 4442 1067 4510 122.]:
1280 4464 1324 4497 me
1345 4445 1525 4513 interpretari
1547 4442 1603 4497 nnn'
1623 4466 1720 4514 posse,
1755 4466 1839 4515 quum

870 4542 904 4550 -
926 4514 988 4574 Nee,
1004 4528 1079 4579 vaga
1094 4513 1195 4578 passim
1279 4516 1334 4567 hoe
1347 4516 1462 4565 verbrrrn
1482 4516 1642 4566 necessario
1662 4518 1839 4569 referendum

670 4582 797 4635 Flumine
817 4599 874 4650 per
896 4591 973 4633 notas
997 4581 1071 4631 itant
1090 4582 1230 4633 morientia
1281 4590 1357 4635 esset
1380 4582 1416 4634 erl
1438 4584 1584 4651 ingenium.
1621 4584 1689 4636 Vide
1713 4603 1781 4654 ergo
1805 4603 1840 4636 ne

973 4649 1057 4715 ripas.
1281 4651 1431 4719 legendnm
1461 4651 1499 4701 sit
1529 4653 1649 4718 confieri,
1680 4672 1756 4717 ‚noas
1785 4655 1841 4707 stetu

671 4720 731 4771 Per
749 4726 826 4769 notas
841 4717 924 4783 ripas,
943 4714 970 4765 id
988 4723 1032 4766 est
1046 4717 1135 4784 intra
1148 4716 1230 4783 ripas.
1276 4724 1328 4786 fair
1345 4721 1448 4771 weltere
1468 4720 1606 4772 Resuttate
1626 4725 1766 4790 gewinnen
1785 4724 1841 4776 las-

668 4787 727 4839 Non
748 4787 910 4847 monebant,
934 4784 1037 4850 inquit,
1060 4783 1135 4834 intre
1154 4785 1230 4850 ripas
1281 4790 1355 4841 sen.“
1396 4788 1469 4839 Iieri
1490 4793 1517 4838 et
1533 4791 1606 4850 ferri
1633 4791 1706 4842 alins
1731 4808 1840 4858 quoque

669 4872 735 4906 siras
754 4855 880 4916 llnmine,
900 4853 1005 4919 passim
1021 4867 1103 4918 vogn.
1139 4852 1231 4903 Mani·
1281 4855 1413 4908 conlundi
1434 4872 1468 4907 ex
1488 4856 1543 4906 lrne
1561 4856 1622 4922 ipso
1643 4860 1736 4925 eapite
1755 4859 1782 4926 (5
1799 4864 1840 4920 2.)

668 4924 760 4975 lienos
777 4939 873 4974 versus
890 4922 939 4973 lib.
952 4921 997 4972 IV.
1019 4920 1230 4972 Astronnmieon
1281 4931 1373 4992 potest
1387 4924 1582 4976 demonnrnrt.
1618 4926 1748 4980 Ceterum
1768 4928 1841 4978 conia

670 4992 725 5058 [ed.
751 4991 827 5042 Scnl.
852 5008 878 5057 p.
907 4993 970 5053 102,
998 5004 1024 5041 v.
1049 4991 1082 5039 25
1106 4988 1159 5055 sq.]
1182 4987 1230 5041 bic
1282 5011 1306 5044 c.
1323 4996 1355 5057 3,
1379 4993 1435 5058 Μ.
1455 5009 1523 5059 quae
1540 4996 1644 5060 confit
1666 5013 1697 5048 es
1713 4997 1840 5061 omnibus,

669 5059 850 5112 adumbrarit
864 5056 1026 5110 Petronium
1281 5061 1340 5113 Set.
1358 5061 1440 5125 1,,14,
1462 5064 1501 5112 13.
1517 5068 1545 5113 et
1562 5068 1603 5127 lt,
1624 5068 1647 5114 1.
1683 5066 1711 5116 ui
1727 5081 1757 5115 ea
1774 5079 1839 5130 pua·

673 5130 760 5180 Donec
775 5130 803 5179 in
822 5131 973 5197 Aegyptum
991 5126 1101 5176 redeant
1119 5133 1230 5177 carente
1282 5130 1420 5181 drantibus
1436 5128 1551 5196 inrisit.
1589 5130 1650 5183 Vid.
1693 5148 1787 5199 erzog.
1804 5129 1840 5183 ad

973 5193 1136 5262 perunctae
1281 5196 1412 5250 Caesaris
1440 5197 1472 5248 Β.
1503 5199 1536 5250 (i.
1568 5199 1632 5263 VII,
1666 5204 1709 5251 58.
1741 5199 1841 5250 rerba:

674 5262 791 5326 Littera,
811 5260 924 5315 Niliacis
941 5264 1036 5315 iterum
1053 5263 1231 5317 morientia
1285 5267 1428 5333 Postquam
1461 5266 1490 5317 in
1521 5268 1662 5333 difficilius
1692 5268 1842 5332 confieri

973 5330 1070 5397 ripir.“
1283 5334 1484 5387 animadvertit·
1518 5397 1528 5410 ἱ
1585 5343 1588 5348 ’
