5092 6425
656 889 714 957 DE
735 888 841 955 DIFF.
858 887 914 953 ET
936 884 1024 954 SOC.
1041 883 1196 952 GRAECI
1217 882 1347 963 Luae.
1364 883 1498 951 VERBI.
1541 885 1610 951 XII.
1631 886 1716 952 Xlll.
1758 887 1822 954 ele

656 1072 736 1122 στου
756 1056 813 1122 καὶ
832 1055 1005 1140 μέλλοντος
1026 1054 1177 1138 ποίησον,
1203 1053 1417 1120 coniunctivus
1437 1051 1592 1203 uiaqlloeov
1613 1055 1670 1120 uui
1688 1055 1821 1139 μέλλον-

654 1165 711 1219 τος
732 1139 790 1207 ἐὰν
811 1139 953 1226 moadeca:
989 1140 1143 1227 optativus
1167 1158 1240 1205 vero
1267 1148 1299 1204 et
1325 1138 1462 1204 infinitus
1511 1161 1563 1206 aec
1591 1141 1655 1206 sola
1680 1150 1821 1229 tempora

656 1228 818 1314 prolcrunt
840 1233 993 1312 separata,
1030 1220 1201 1308 ποιήσαιμι
1221 1221 1278 1287 καὶ
1298 1219 1466 1307 ποιήσοιμι
1487 1232 1519 1289 et
1543 1226 1594 1290 ille
1612 1229 1746 1310 ποιῆσαι
1763 1229 1821 1293 καὶ

655 1311 813 1396 ποιήσειν.
858 1312 1035 1397 [Optativus
1057 1310 1245 1376 Graecorum
1265 1329 1322 1373 nec
1341 1309 1443 1373 minus
1460 1330 1552 1395 quam
1575 1311 1741 1396 perlectum
1763 1337 1821 1380 nec

656 1399 825 1486 perlectum
860 1405 982 1482 tempus
1015 1395 1157 1472 admisit]
1209 1393 1340 1479 Utrique
1378 1414 1451 1479 ergo
1485 1395 1610 1459 modum
1648 1397 1821 1484 integritate

655 1492 830 1568 temporum
854 1482 983 1547 liberum
1005 1480 1168 1546 contractis
1188 1486 1219 1544 et
1240 1477 1382 1543 coartatis
1402 1479 1469 1544 iure
1489 1490 1692 1566 praeponunt
1733 1485 1849 1552 Dori-5

655 1569 756 1634 vativa
779 1567 885 1645 verba,
914 1568 943 1631 id
966 1575 1013 1632 est
1035 1587 1071 1631 ea
1090 1586 1169 1651 quae
1188 1585 1226 1628 ev
1249 1564 1350 1630 verbis
1370 1564 1437 1629 aliis
1458 1563 1652 1644 derivantur,
1679 1589 1741 1633 non
1763 1570 1821 1634 nisi

656 1675 694 1717 ex
717 1652 878 1718 diffinitive
901 1653 1051 1736 originem
1072 1650 1253 1727 sortiuntur,
1272 1657 1308 1714 ut
1330 1657 1376 1714 est
1392 1650 1465 1733 θοῶ
1488 1650 1654 1736 principale
1676 1662 1708 1719 ct
1725 1675 1763 1719 cx
1784 1677 1822 1721 eo

655 1738 859 1803 derivativum
885 1734 1011 1821 θοαύω.
1055 1734 1105 1800 Sic
1132 1734 1212 1820 apud
1235 1734 1361 1799 Latinos
1389 1735 1564 1800 meditativa
1591 1744 1623 1801 et
1650 1737 1824 1806 inchoativa

656 1831 690 1888 ct
709 1823 930 1907 frequentativa
953 1821 1045 1887 verba
1073 1828 1146 1885 sunt
1166 1841 1204 1884 ex
1223 1819 1385 1885 diffinitivo
1407 1820 1500 1885 modo
1525 1821 1689 1886 verborum
1712 1823 1824 1922 princi·

655 1908 771 1994 palium
795 1906 945 1972 derivata:
967 1905 1122 1992 speciatim
1144 1925 1217 1970 vero
1237 1905 1330 1971 verba
1351 1905 1431 2002 apud
1453 1904 1587 1971 Graecos
1610 1928 1690 1992 quae
1711 1931 1744 1974 rn
1764 1911 1830 1972 ΜΙ

657 2000 774 2058 exeunt
798 2013 836 2056 ex
863 1991 1024 2057 diffinitive
1048 1999 1141 2056 tracta
1162 1997 1235 2054 sunt
1262 1989 1403 2057 verbim
1426 1993 1461 2054 Ω
1483 1991 1639 2069 exeuntis,
1678 2001 1714 2057 ut
1739 1996 1823 2058 τιθῶ

655 2078 782 2160 τίθημι,
805 2077 885 2140 διδῶ
907 2077 1036 2159 δίδωμι,
1067 2075 1144 2140 tacui
1164 2074 1281 2158 ἵστημι.
1324 2075 1402 2140 Item
1426 2076 1551 2140 nomina
1572 2096 1610 2141 ex
1632 2078 1734 2144 verbis
1755 2081 1853 2147 nas-b

657 2165 767 2240 centia,
807 2183 863 2226 uae
884 2162 929 2226 illi
949 2157 1092 2245 ὀνόματα
1113 2154 1273 2245 ῥηματικὰ
1292 2167 1412 2238 vocant,
1430 2160 1468 2224 de
1488 2159 1547 2225 hoc
1566 2161 1632 2226 solo
1653 2163 1745 2228 modo
1765 2164 1824 2228 sub

658 2248 742 2315 varia
760 2184 807 2312 vd
828 2268 1028 2332 personarum
1050 2247 1097 2312 vel
1115 2253 1289 2330 temporum
1310 2244 1514 2310 declinatione
1531 2246 1710 2332 procedunt
1743 2249 1824 2316 Nam

658 2354 772 2398 nomen
794 2327 926 2415 γράμμα
947 2355 983 2397 ex
1006 2331 1103 2418 prima
1126 2351 1270 2417 persona,
1297 2329 1327 2394 id
1350 2338 1398 2395 est
1418 2326 1617 2414 γέγραμμαι,
1644 2341 1766 2411 natum,
1793 2342 1825 2399 et

658 2440 773 2483 nomen
794 2413 915 2501 ψάλτης
935 2439 974 2482 cx
997 2417 1088 2482 tertia
1111 2437 1258 2503 persona,
1290 2436 1370 2514 quae
1392 2423 1439 2480 est
1461 2412 1611 2497 idolam,
1642 2417 1824 2503 proiectum,

660 2504 817 2568 literarum
851 2523 930 2588 quae
957 2502 989 2566 in
1016 2511 1149 2586 utroque
1177 2508 1251 2566 sunt
1281 2500 1450 2566 similitudo
1478 2500 1581 2566 docet:
1616 2501 1690 2567 item
1717 2499 1825 2587 τύμμα

659 2583 723 2653 aiud
745 2583 985 2671 παρακειμένου
1004 2589 1063 2652 τοῦ
1083 2585 1252 2670 τέτυμμαι,
1291 2586 1421 2668 ποίησις
1441 2595 1544 2651 autem
1568 2581 1632 2652 eiad
1653 2584 1826 2671 μέλλοντος

656 2676 717 2738 τοῦ
738 2669 861 2756 ποιήσω
882 2673 1041 2760 conposita
1062 2680 1150 2737 sunt:
1189 2670 1293 2736 omnia
1314 2680 1418 2736 tamcn
1440 2670 1515 2736 haec
1536 2672 1661 2738 nomina
1687 2674 1726 2739 ab
1747 2675 1826 2741 indi·

659 2759 758 2826 cativo
780 2759 917 2825 veniunt
959 2758 1103 2846 Denique
1119 2757 1219 2831 xStoici
1239 2755 1323 2823 hunc
1344 2757 1444 2822 solum
1466 2757 1593 2824 modum
1615 2767 1744 2839 rectum,
1763 2761 1854 2828 vel-'l

1571 2949 1656 3010 [aaa.
1677 2950 1760 3017 paen.

661 3034 687 3082 t.
723 3031 772 3082 bie
788 3025 931 3097 ποιήσαιμι
951 3029 1023 3082 cani.
1046 3029 1149 3095 zeum,
1179 3032 1264 3098 „qnia
1284 3028 1413 3097 nequitur
1433 3030 1508 3081 ille.“
1527 3050 1623 3083 -aee
1664 3035 1828 3100 tauquam

661 3102 807 3168 perfectum
831 3099 903 3148 coni.
925 3096 1011 3148 Zeun.
1045 3097 1177 3149 vianae.
1330 3101 1355 3147 b.
1394 3097 1499 3148 Graeco
1522 3098 1553 3148 P.
1576 3125 1610 3137 -
1633 3051 1701 3151 dieat
1723 3118 1777 3152 om.
1796 3101 1827 3152 P.

664 3267 779 3337 vulgari
818 3266 1015 3317 abhorrentem
1053 3262 1223 3332 simpliciter
1272 3263 1297 3315 ai
1317 3267 1373 3327 eet,
1407 3280 1441 3315 ne
1458 3263 1569 3333 integra
1586 3266 1699 3333 quidem
1717 3285 1750 3321 ea
1768 3286 1831 3321 eree
1870 3308 1872 3312 .

665 3334 894 3388 commemoravit
915 3333 1068 3384 Fischerns
1091 3331 1223 3384 Animad-
1273 3332 1359 3383 facile
1385 3336 1488 3398 patet),
1520 3340 1570 3384 ent
1594 3335 1703 3402 reliqua
1730 3353 1793 3387 erae
1815 3354 1832 3388 a

665 3422 738 3456 vere.
756 3403 789 3456 ad
810 3418 927 3467 gramm.
945 3400 1073 3461 walleri,
1093 3416 1168 3467 spec.
1184 3400 1223 3461 Il,
1273 3400 1482 3465 corrrparatione
1506 3400 1633 3453 Graecae
1662 3403 1833 3471 Latinaeque

665 3492 693 3541 p.
709 3475 769 3522 382.
806 3472 845 3520 lla
866 3468 1040 3536 imperativis
1061 3467 1148 3520 laturi
1168 3467 1224 3518 vid.
1274 3467 1748 3535 linguaeaMaerobininatituta‚
1781 3474 1832 3524 aed

665 3541 731 3607 quid
772 3536 904 3589 statuerit
936 3536 971 3588 G.
1004 3536 1155 3588 Hermann.
1190 3535 1225 3586 de
1275 3536 1310 3587 ab
1330 3541 1493 3601 excerptore
1512 3537 1655 3605 neglecta,
1686 3539 1833 3605 quaatale

666 3607 774 3659 emend.
793 3612 845 3657 rat.
863 3604 912 3656 Gr.
931 3620 973 3672 gr.
991 3604 1033 3668 ll,
1057 3607 1103 3669 Ὦ,
1128 3621 1154 3669 p.
1171 3605 1225 3654 218
1275 3603 1341 3669 qaid
1366 3603 1551 3655 continuerita
1581 3606 1675 3673 Apud
1696 3607 1832 3659 butiana

666 3694 724 3741 ως,
1277 3670 1520 3735 coniunctivae,
1554 3681 1589 3726 ut
1614 3674 1832 3738 indicativus,

700 3747 727 3793 4.
763 3730 1087 3805 coniunctiuusciopiowv
1104 3734 1150 3788 vul
1165 3734 1227 3803 μέλ·
1277 3740 1365 3791 emnia
1379 3739 1475 3805 reecpit
1491 3748 1622 3808 tempora,
1638 3742 1685 3793 sed
1700 3744 1835 3811 optativus

666 3810 769 3876 λοοτος]
794 3806 977 3859 Coniunctiro
995 3805 1083 3856 futuri
1103 3806 1227 3857 Graecae
1276 3814 1302 3859 et
1328 3807 1487 3858 Graecarum
1511 3814 1541 3860 et
1567 3809 1762 3862 Latinarum
1785 3829 1833 3863 aec

667 3896 721 3930 non
739 3894 802 3928 esee
820 3892 885 3926 neae
903 3880 979 3926 recte
1000 3873 1096 3925 docuit
1113 3873 1241 3939 Apollo-1
1276 3874 1363 3927 miuus
1394 3891 1450 3925 ατο
1476 3875 1553 3940 plur
1579 3895 1659 3944 quam
1686 3882 1834 3945 perfectum

668 3947 732 3997 nius
756 3945 805 3995 lib.
832 3943 883 3994 lll.
905 3943 940 3993 da
964 3940 1076 4010 syntaxi
1099 3957 1159 4008 cap.
1182 3945 1226 4005 30,
1275 3943 1393 3994 admisit.
1429 3940 1471 3993 Gi.
1490 3943 1787 4011 dererboe.l‚§7.

668 4032 696 4080 p.
729 4016 790 4063 2¹11.
839 4010 902 4061 Vid.
935 4010 970 4060 G.
1004 4009 1158 4060 Hermann.
1192 4009 1227 4060 de
1316 4010 1434 4076 Utrique]
1462 4008 1480 4059 i.
1503 4026 1527 4061 e.
1551 4018 1580 4061 et
1602 4012 1706 4064 Graeci
1728 4019 1757 4063 et
1780 4012 1835 4063 ba·

669 4079 777 4132 emend.
800 4082 852 4129 rat.
870 4077 919 4128 Gr.
938 4093 981 4143 gr.
1003 4093 1029 4141 p.
1048 4080 1108 4126 213.
1278 4075 1339 4156 tini,
1358 4076 1426 4157 licet
1443 4076 1521 4156 ¹¹l.l¹¹
1538 4078 1767 4130 antecedentibus
1781 4096 1836 4131 non
1909 4139 1912 4144 ¹

705 4145 859 4213 [Optatiana
883 4144 1042 4223 Graecorum
1059 4174 1085 4193 ..
1103 4158 1150 4192 aec
1166 4157 1228 4221 per·
1278 4151 1335 4194 arnt
1351 4150 1498 4222 nummati.
1530 4208 1536 4222 ι
1786 4212 1792 4225 Ι

667 4218 768 4280 fectum
804 4220 906 4277 tempus
944 4208 1063 4274 admisit]
1105 4208 1252 4259 Ζοιιοιοι4
1311 4211 1417 4261 modum
1436 4215 1592 4276 integritate
1608 4216 1751 4277 temporum
1771 4212 1835 4263 bbe-

669 4286 747 4333 recle
768 4277 842 4329 vidit
868 4274 1020 4356 l'errimon
1049 4275 1229 4354 poesebaec
1277 4277 1346 4343 rum]
1376 4276 1395 4326 i.
1413 4291 1437 4326 e.
1458 4275 1656 4357 indicativum,
1690 4278 1838 4361 contib.

669 4343 1229 4484 dilatauit?tr'ttttttt
1279 4344 1362 4464 itti
1378 4343 1725 4476 tt?”.¹t¹.:.tt.ltt.t?⁰⁰
1746 4347 1837 4397 ‘'¹⁰⁰¹‘

671 4489 700 4535 et
717 4500 740 4532 c.
762 4484 810 4545 18,
832 4480 958 4556 §lseq3
977 4482 1005 4528 et
1024 4476 1051 4528 in
1068 4476 1230 4545 appendice.
1313 4482 1339 4529 5.
1374 4479 1530 4531 meditativa
1565 4487 1590 4531 et
1622 4479 1777 4532 iueboatiua
1812 4488 1837 4535 et

672 4552 770 4614 ltaque
793 4546 878 4598 iussit
901 4544 960 4611 lega
980 4562 1027 4596 aee
1044 4545 1120 4613 plue
1138 4559 1231 4611 quam
1276 4547 1486 4614 frequentativa]
1505 4547 1548 4599 (ii.
1567 4564 1590 4597 c.
1607 4550 1650 4598 21.

669 4620 825 4687 perfectum.
878 4612 993 4663 Poterat
1026 4611 1111 4663 etiarn
1147 4611 1232 4663 verbe
1314 4620 1340 4666 7.
1373 4614 1480 4680 rectum]
1504 4615 1547 4665 Gi.
1565 4615 1699 4682 Hermog.
1719 4611 1782 4736 mesi
1799 4612 1838 4667 18.

671 4679 1232 4806 'liidilfffl'i'lra‘lilimti‘iiiiii}
1280 4674 1458 4814 ibl'eiiai
1475 4677 1840 4818 'duillffliia'iaiii

671 4818 1023 4890 plusquamperfectum.
1058 4813 1114 4865 Sed
1137 4813 1233 4865 narie
1284 4813 1500 4882 Κανδαύλης·
1519 4811 1616 4868 καὶτὰ
1632 4815 1748 4870 τοιαῦτα
1764 4811 1838 4869 οὕτω

672 4887 785 4954 quidem
808 4882 903 4936 omnia
926 4883 1012 4949 plana
1034 4888 1113 4944 sunt,
1147 4897 1232 4947 quum
1281 4878 1378 4949 piceis
1401 4878 1840 4953 rpo'perruuue’dptideqeauui

672 4956 745 5007 baec
772 4953 859 5007 verba
888 4966 978 5017 neque
1005 4948 1233 5001 antecedentibus
1281 4900 1413 5018 monada
1428 4955 1503 5003 ποιεῖ
1520 4948 1666 5020 τὸνλόγον
1682 4951 1730 5004 καὶ
1750 4950 1840 5030 σαφῆ·

673 5037 765 5088 uque
795 5018 979 5088 sequentibus
1009 5017 1153 5077 commode
1183 5015 1234 5069 ad·
1284 5016 1321 5069 elv
1341 5015 1372 5071 δὲ
1410 5015 1615 5086 αλαγιοὶσαις
1652 5014 1685 5070 οὗ
1722 5031 1841 5070 τοιαοτα

786 5118 788 5121 -
829 5109 832 5116 ·
861 5085 1057 5156 ,amoenam
1087 5082 1168 5137 aneia
1199 5098 1235 5135 ea
1283 5081 1375 5138 ἔσται·
1393 5082 1455 5139 οἷον
1472 5087 1626 5151 Κροίσου
1648 5080 1746 5144 ὄντος
1761 5081 1787 5134 εἰ
1801 5078 1841 5134 vt-

748 5164 856 5221 ,¹⁴...ce
972 5151 1114 5206 tulerant
1137 5150 1237 5205 adtira
1282 5168 1349 5219 μοις.
1381 5170 1455 5221 capu
1478 5149 1486 5170 ¹
1506 5150 1559 5223 peip
1577 5170 1618 5214 τις
1640 5148 1728 5211 stete
1745 5146 1842 5215 ἕπίνε·

916 5235 917 5240 “
1003 5256 1005 5263 .
1283 5215 1449 5302 euenere
1492 5225 1533 5276 ete
1557 5216 1667 5282 πάντας
1693 5216 1843 5273 ἐπακολου-

734 5276 779 5381 l,
861 5258 863 5263 ι
962 5270 1050 5390 *ff
1091 5353 1094 5358 ,
1145 5283 1236 5356 (Μ
1284 5281 1640 5358 manutenuerunt.
