5092 6425
650 901 691 945 xx
1099 868 1431 938 PROLEGOMENs

651 1050 777 1103 restituas
795 1050 992 1099 exauctoratum
1011 1041 1191 1096 conuiuiorum
1207 1042 1335 1109 teporem,
1358 1034 1461 1105 prioris
1476 1051 1539 1087 csse
1557 1029 1732 1102 putaverim,
1748 1033 1780 1083 ut
1795 1027 1875 1098 Sym·

651 1133 746 1188 machi
764 1131 917 1197 disputatio
936 1148 969 1182 cx
987 1134 1083 1197 purte,
1100 1126 1216 1186 Eusehii
1234 1142 1301 1178 vcro
1323 1131 1382 1178 totu
1400 1119 1584 1175 intercedisse
1602 1119 1727 1186 putsudu
1746 1116 1795 1169 sit.

718 1216 795 1268 Dici
820 1215 918 1268 tertii
938 1214 1091 1283 disputatio
1111 1211 1221 1266 tertia
1238 1211 1398 1264 continetur
1416 1209 1508 1261 lihio
1528 1206 1557 1257 V.
1592 1201 1785 1272 interroganti
1804 1201 1875 1254 enim

651 1304 773 1366 Avieno,
802 1301 847 1367 „si
866 1301 928 1369 quis
946 1299 1016 1353 velit
1032 1299 1132 1375 orandi
1148 1305 1237 1351 artem
1256 1294 1402 1362 consequi,
1431 1299 1523 1346 utrum
1542 1288 1634 1358 magis
1651 1305 1685 1340 cx
1702 1286 1827 1357 Virgilio
1844 1302 1876 1338 sn

653 1408 687 1443 ex
700 1389 836 1442 Cicerone
855 1385 1018 1455 proficiat,“
1044 1382 1218 1436 Eusebius
1240 1381 1393 1450 respondet
1414 1395 1498 1431 uuum
1522 1384 1629 1429 tautum
1652 1373 1744 1443 genus
1766 1371 1877 1425 dicendi

654 1474 776 1529 inveniri
796 1473 869 1540 apud
888 1470 1067 1539 Ciceronem,
1096 1469 1180 1536 idque
1205 1467 1363 1537 copiosum,
1388 1465 1462 1533 apud
1478 1461 1629 1531 Virgilium
1647 1476 1715 1512 vcro
1732 1465 1762 1512 et
1780 1459 1837 1511 hoa
1851 1463 1878 1511 et

654 1561 740 1612 breve
759 1563 787 1610 ct
804 1556 910 1610 serium
929 1562 957 1609 ct
974 1555 1079 1625 piugue
1098 1561 1182 1620 atque
1204 1552 1352 1618 floridum,
1369 1556 1397 1603 ct
1415 1550 1469 1602 due
1488 1548 1571 1601 stilus
1587 1544 1715 1611 dicendi,
1738 1550 1877 1598 maturum

655 1651 739 1712 atque
754 1659 870 1712 gravem
892 1648 921 1694 et
937 1641 1007 1694 huic
1026 1639 1197 1694 contrarium
1220 1639 1366 1692 ardentem
1390 1640 1520 1690 erectum,
1537 1632 1696 1695 intensum,
1727 1636 1760 1682 ut
1782 1631 1878 1682 decern

655 1735 796 1782 oratorum
807 1727 963 1780 Atticorum
983 1726 1066 1780 stilos
1085 1724 1284 1795 permiscuisse
1301 1723 1438 1776 rideatur.
1460 1721 1522 1772 lloc
1537 1723 1577 1780 (c.
1594 1721 1635 1779 2)
1651 1715 1880 1769 deridetEvss·

655 1815 754 1884 gelus
773 1813 869 1878 diceus
885 1806 1005 1881 Virgilio
1023 1829 1058 1865 nc
1073 1814 1164 1864 levem
1183 1809 1296 1878 quidem
1313 1809 1486 1861 Graecarum
1502 1805 1649 1859 literarum
1665 1802 1798 1855 notitiam
1818 1818 1880 1855 esse

657 1899 844 1952 tribuendum.
869 1895 1038 1964 obloquitur
1052 1896 1275 1961 Eustathius,
1292 1911 1374 1961 quem
1392 1899 1455 1946 orat
1472 1893 1680 1956 Praetextatus,
1699 1895 1730 1941 ιιι
1748 1889 1880 1950 disserst,

656 2000 749 2051 „quse
772 1998 788 2035 a
810 1981 928 2035 Graecis
947 1983 1065 2036 traxerit
1087 1981 1255 2051 Virgilius“.
1289 1977 1436 2032 consentit
1460 1976 1525 2041 ille,
1549 1974 1724 2043 primumque
1744 1974 1830 2041 dicit,
1851 1980 1881 2026 ut

657 2072 816 2137 praetereat
842 2083 912 2136 quae
940 2073 1083 2122 mutuatus
1110 2069 1148 2122 sit
1171 2085 1188 2122 a
1213 2064 1368 2119 Theocrito
1395 2063 1521 2117 Hesiodo
1548 2062 1633 2115 Arato
1657 2061 1796 2114 Pisandro
1823 2061 1881 2112 lio-

657 2171 735 2206 mcru
766 2153 795 2205 iu
823 2152 956 2206 universa
978 2160 1136 2220 poematum
1160 2151 1357 2221 dispositione,
1386 2167 1416 2202 se
1442 2149 1517 2201 celle
1542 2149 1734 2200 demonstrare
1760 2148 1797 2198 ah
1822 2136 1881 2198 tlo-

656 2256 735 2292 mcro
753 2239 944 2308 desumpsisse
958 2242 1047 2293 multa
1064 2241 1156 2293 minus
1173 2239 1287 2309 cognitu
1298 2235 1460 2304 Virgilium,
1476 2239 1504 2286 ct
1521 2233 1606 2286 affert
1625 2239 1663 2294 [c.
1674 2237 1714 2294 8.)
1731 2247 1832 2286 uersus
1848 2230 1881 2283 sd

658 2325 774 2376 verbum
793 2340 881 2392 paene
899 2327 1062 2380 translatos.
1086 2325 1248 2395 Flagitante
1261 2323 1376 2387 Avieno,
1394 2330 1425 2374 ut
1439 2320 1534 2375 omniu
1548 2336 1620 2387 quae
1632 2321 1668 2373 uh
1680 2319 1807 2371 Homero
1823 2333 1882 2368 mu·

658 2415 753 2462 tuutus
771 2408 810 2462 eit
827 2409 965 2478 Virgilius
982 2418 1180 2480 persequutor,
1196 2408 1362 2462 ilustuthius
1380 2424 1397 2461 a
1415 2406 1584 2476 Symmacho
1602 2406 1689 2474 petit,
1711 2411 1743 2458 ιιι
1761 2403 1818 2457 sihi
1837 2403 1882 2454 det

658 2493 772 2561 Virgilii
791 2496 947 2547 carminum
965 2497 1117 2565 exemplar.
1152 2497 1214 2564 Quo
1231 2496 1320 2548 allato
1337 2492 1457 2562 primum
1480 2494 1615 2546 nonnulla
1636 2509 1729 2560 „quac
1754 2491 1815 2543 iors
1834 2489 1883 2542 oh-

659 2579 744 2631 tulit“
771 2579 893 2646 profert,
920 2579 1021 2633 deinde
1044 2587 1161 2650 rogante
1183 2579 1290 2633 Avieno
1314 2587 1369 2641 (cc.
1391 2582 1492 2641 4·10.)
1514 2596 1565 2647 per
1590 2578 1717 2632 ordinem
1741 2578 1776 2630 ah
1801 2574 1883 2628 initio

659 2664 782 2715 ostendit
798 2679 867 2731 quae
883 2667 917 2717 ab
933 2665 1056 2718 Homero
1072 2667 1221 2734 desumpta
1238 2665 1309 2729 siut,
1334 2671 1362 2718 ct
1379 2666 1552 2719 demonstret
1571 2672 1611 2728 (o.
1630 2665 1688 2730 11.)
1708 2679 1780 2731 quac
1800 2660 1883 2730 „Vir-

659 2749 748 2818 gilius
772 2749 801 2801 iu
825 2749 1021 2803 transferendo
1040 2752 1155 2805 densius
1183 2750 1372 2814 excoluerit“,
1400 2751 1439 2817 (c.
1464 2755 1522 2814 12.)
1544 2751 1593 2819 „iu
1612 2751 1714 2820 quihus
1737 2766 1788 2818 par
1813 2763 1883 2817 pene

659 2835 793 2902 splendor
809 2836 954 2888 amborum
969 2836 1037 2900 sit“‚
1054 2844 1093 2899 (c.
1110 2839 1166 2902 13.)
1187 2837 1215 2889 iu
1233 2835 1335 2904 quihus
1353 2834 1491 2904 Virgilius
1508 2837 1567 2904 „sit
1584 2836 1722 2906 gracilior
1738 2834 1884 2897 aucture“,

660 2922 699 2987 (c.
714 2924 768 2982 14)
788 2919 836 2988 ,,ἰιι
855 2919 983 2973 versibus
1000 2921 1089 2975 vitiu“
1108 2940 1171 2976 eum
1192 2923 1420 2992 imitatuturum,
1437 2928 1522 2990 atque
1538 2923 1692 2992 diligenter
1709 2919 1884 2990 expressisse

660 3005 788 3072 epitheta
804 3005 969 3069 llomerica,
989 3013 1018 3059 et
1034 3009 1197 3062 observasse
1214 3007 1242 3060 in
1265 3004 1436 3058 corrutionis
1454 3007 1530 3060 serie
1548 3024 1620 3074 quoe
1637 3005 1810 3060 instituisset
1826 3004 1885 3056 llo-

659 3088 764 3164 merus,
782 3093 832 3155 „ut
849 3097 877 3142 et
893 3091 1061 3145 historicum
1073 3093 1168 3147 stilum
1181 3092 1285 3145 vitaret
1302 3108 1356 3143 nou
1373 3108 1423 3158 per
1439 3093 1565 3146 ordinem
1578 3093 1733 3163 digerendo
1743 3107 1816 3161 quae
1834 3106 1885 3158 ge·

660 3180 704 3227 stu
723 3181 801 3241 sunt,
823 3191 874 3228 auc
893 3179 985 3230 tamon
1008 3178 1223 3245 praeteritorum
1242 3176 1326 3230 nohis
1341 3176 1468 3230 notitiam
1487 3179 1702 3246 sohtruhcret“,
1719 3179 1760 3246 (e.
1783 3181 1840 3240 lh.)
1855 3175 1886 3229 is

660 3254 791 3329 catulo‘gu
817 3269 911 3314 autem
936 3264 1081 3330 paululum
1107 3265 1143 3317 ah
1166 3263 1318 3317 liumcricu
1342 3259 1484 3332 gravitate
1510 3266 1657 3329 recedere,
1682 3267 1719 3330 (c.
1740 3267 1794 3328 lu.)
1818 3261 1887 3329 quid

660 3350 779 3414 uterque
803 3348 1015 3415 intortexucrit‚
1043 3354 1094 3416 „ut
1117 3349 1234 3401 lecturis
1256 3348 1367 3403 animus
1389 3352 1600 3415 recrearetur“,
1624 3356 1661 3417 (c.
1677 3352 1730 3418 lt.)
1755 3348 1805 3402 uhi
1828 3349 1887 3401 tls·

660 3432 732 3483 meri
750 3433 879 3500 exemplo
892 3434 980 3487 fucrit
996 3434 1164 3498 destitutus,
1183 3436 1332 3501 nonnulla,
1350 3441 1381 3487 ut
1399 3436 1470 3488 helii
1488 3435 1614 3499 initium,
1638 3453 1693 3489 uon
1712 3438 1785 3488 hene
1803 3432 1887 3487 iusti·

661 3516 751 3568 tuisse
767 3517 931 3586 Virgilium,
954 3521 1002 3572 scd
1020 3520 1159 3572 imitatum
1177 3537 1240 3571 esse
1258 3521 1344 3574 etism
1363 3521 1541 3588 Apollonium
1560 3522 1703 3574 Rhodium
1720 3521 1889 3574 Pindarum·

661 3616 729 3665 que,
759 3599 810 3661 uec
834 3617 896 3653 roro
914 3620 995 3656 usum
1015 3621 1079 3656 esse
1100 3603 1235 3671 epithetis
1254 3606 1387 3670 Graecis,
1415 3608 1452 3671 (c.
1470 3607 1526 3671 18.)
1549 3607 1608 3659 ulia
1628 3608 1663 3659 uh
1683 3606 1750 3659 aliis
1768 3603 1888 3658 Graecis

662 3684 854 3749 transtulisse,
877 3686 912 3737 uh
933 3687 1120 3755 Aristophane
1144 3688 1258 3755 Ephoro
1280 3691 1400 3759 Didymo
1424 3691 1575 3759 Euripide,
1603 3694 1640 3758 (c.
1659 3673 1720 3755 Ι111.)
1743 3690 1888 3757 Sophocle

661 3765 803 3836 Aeschylo
827 3768 933 3834 Callia,
960 3773 995 3835 (c.
1013 3774 1068 3837 20.)
1088 3774 1270 3838 quorumduln
1291 3776 1387 3842 plures
1405 3793 1468 3829 eum
1487 3779 1593 3831 hahere
1609 3781 1754 3841 auctores,
1774 3782 1806 3830 ut
1823 3791 1888 3827 eum

662 3850 793 3919 Gargara
814 3854 936 3906 vuluerit
956 3872 1019 3907 esse
1040 3856 1199 3910 fertilitatis
1221 3861 1382 3927 exemplar,
1406 3862 1443 3926 (c.
1462 3864 1517 3926 21.)
1541 3862 1627 3915 etium
1650 3862 1818 3929 poculorum
1837 3839 1888 3911 nd-

662 3934 739 4029 miuu
758 3953 820 4008 eum
840 3953 857 3990 a
875 3938 993 3992 Graecis
1015 3956 1078 3992 esse
1098 3947 1269 4008 mutuatum,
1297 3954 1333 4008 tc.
1353 3946 1409 4011 22.)
1434 3946 1469 3998 de
1494 3945 1550 3999 diis
1573 3946 1711 4013 quacdsm
1731 3960 1750 3997 a
1770 3942 1889 4013 vulgari

660 4019 791 4089 opinione
809 4024 968 4078 recedentia
986 4042 1021 4077 ex
1038 4025 1244 4093 antiquissimis
1262 4029 1433 4082 Graecorum
1451 4030 1582 4083 historiis
1599 4031 1803 4097 desumpsisse.

730 4104 864 4173 Sequitur
878 4108 972 4162 libro
989 4110 1037 4164 Vl.
1055 4110 1209 4180 disputatio
1226 4118 1347 4180 quarta
1369 4115 1470 4168 tertii
1490 4115 1571 4167 diei.
1601 4116 1734 4168 hlonentc
1750 4117 1890 4168 Praetex-

588 4227 591 4232 -
662 4194 721 4243 tatu
739 4190 863 4246 Furius
884 4194 1032 4270 Aglbium
1050 4198 1171 4250 ostendit
1193 4200 1229 4265 (c.
1252 4199 1288 4263 1.)
1306 4216 1376 4267 quos
1392 4216 1491 4252 versus
1510 4199 1648 4269 Virgilius
1666 4201 1701 4252 ulo
1719 4199 1890 4268 antiquiori-

662 4275 715 4327 hirs
733 4278 909 4334 transtulerit
924 4282 993 4345 „vel
1010 4299 1044 4333 ex
1061 4281 1173 4361 integro
1187 4284 1239 4352 ¹vel
1258 4301 1292 4336 ex
1312 4287 1429 4351 purte“‚
1455 4285 1491 4347 (c.
1508 4288 1547 4349 2.)
1565 4285 1664 4349 „locos
1681 4284 1754 4337 locis
1772 4300 1889 4351 compu-

663 4358 719 4424 uit,
751 4366 781 4413 ut
804 4362 877 4415 uude
900 4363 1015 4416 formati
1037 4365 1094 4419 siut
1117 4358 1197 4434 quasi
1218 4369 1253 4420 de
1276 4370 1393 4436 speculo
1412 4372 1636 4438 cognoscatur“,
1662 4373 1721 4421 tum
1740 4369 1777 4425 (c.
1797 4371 1837 4434 ³.)
1853 4383 1889 4422 ea

664 4441 772 4508 profert
799 4458 871 4509 quse
894 4445 929 4500 ab
954 4447 1228 4514 Homeronideutur
1248 4453 1439 4522 desumpsisse
1461 4452 1600 4521 Virgilius
1621 4453 1672 4505 sed
1694 4453 1753 4506 ium
1776 4454 1889 4522 priores

663 4528 763 4590 110121ιθ
777 4525 895 4579 R⁰¹¹¹⁸¹¹l
913 4528 941 4582 1ss
959 4533 1085 4590 carmine
1103 4551 1154 4588 suu
1170 4538 1391 4592 transtulissent.

731 4608 889 4677 Disputatio
907 4614 1027 4680 quiuta
1045 4625 1090 4671 est
1107 4619 1276 4675 Caecinae
1294 4622 1429 4690 troisi,
1454 4623 1489 4677 ad
1514 4624 1601 4676 verba
1622 4621 1739 4691 singula
1762 4624 1800 4676 ah
1821 4622 1890 4677 eliis

663 4692 812 4760 desumpta
830 4703 970 4761 spectans.
1003 4702 1088 4773 lsquc
1103 4705 1184 4759 docet
1201 4710 1236 4772 (c.
1254 4709 1295 4771 t.)
1313 4709 1402 4760 multo
1419 4710 1515 4771 rerba,
1534 4712 1570 4775 (c.
1584 4707 1623 4772 5.)
1641 4708 1733 4761 mults
1749 4708 1891 4776 epitheta,

663 4776 737 4844 apud
757 4777 907 4845 Virgilium
931 4799 1003 4836 nova
1018 4802 1084 4868 esse
1106 4789 1212 4858 videri,
1236 4792 1338 4859 quihus
1355 4799 1464 4845 veteres
1481 4794 1537 4846 iam
1555 4792 1613 4845 siut
1634 4791 1688 4844 usi.
1724 4792 1836 4846 Deinde
1854 4794 1891 4847 ab

664 4859 762 4913 eodem
778 4870 948 4942 provocatos
962 4867 1106 4924 Servius
1126 4876 1162 4938 (c.
1179 4878 1216 4941 6.)
1235 4877 1371 4941 ostendit,
1393 4894 1485 4945 „quac
1504 4878 1533 4931 iu
1552 4877 1673 4946 Virgilio
1691 4878 1837 4930 notaverit
1854 4877 1891 4931 uh

664 4944 891 5044 ipsodigurata,
921 4967 975 5002 nou
1000 4950 1018 5005 u
1043 4956 1186 5010 vetcrihus
1217 4967 1349 5028 acceptu,
1378 4962 1480 5027 quihus
1506 4964 1625 5014 multum
1652 4960 1804 5014 [rusticitati
1839 4963 1892 5017 ad·

663 5035 763 5082 secerrt
780 5032 914 5098 leporis“.
950 5034 1023 5090 Tum
1041 5041 1076 5105 (c.
1094 5040 1132 5105 t.)
1149 5041 1303 5096 Avienus
1317 5044 1452 5113 primum,
1469 5053 1500 5099 ut
1517 5062 1615 5114 supra,
1635 5046 1789 5099 Euuttthio
1810 5046 1892 5100 intu-

664 5129 795 5213 surmus,
824 5131 841 5168 a
863 5116 1040 5175 Praetextato
1062 5124 1201 5194 excitatus
1223 5144 1239 5179 e
1262 5127 1383 5182 Servio
1406 5132 1517 5198 quaerit
1537 5133 1572 5182 de
1592 5129 1714 5197 Virgilio
1737 5132 1891 5197 nonnulla,

662 5212 735 5263 quae
757 5200 809 5251 illc
830 5203 944 5268 exponit
965 5207 1018 5270 (cc.
1035 5208 1125 5275 t-9.).
1159 5210 1268 5264 Ultima
1288 5213 1387 5266 Avieni
1414 5215 1542 5282 quaestio
1565 5230 1619 5266 nou
1645 5214 1783 5280 solvitur,
1814 5216 1892 5269 unde

661 5281 737 5335 hunc
753 5302 862 5354 quoquo
879 5287 984 5344 litorum
996 5297 1114 5362 apparet
1130 5310 1193 5349 esse
1209 5296 1349 5351 mutilum.
