5092 6425
696 857 762 928 238
1182 852 1391 923 thnoell

669 1031 742 1099 tlit
760 1029 820 1096 boe
838 1028 932 1095 ctiam
954 1025 1189 1105 observandum,
1206 1033 1244 1093 nt
1259 1032 1316 1092 aut
1335 1021 1537 1112 inperfectum
1555 1025 1702 1093 retineat
1724 1047 1876 1096 numerari

698 1112 1876 1296 td}*tlh,tituttttththttt‘btidimittat*

574 1308 576 1313 ·
699 1288 821 1353 tiuntur
842 1306 976 1372 quornm
997 1305 1142 1371 praesens
1166 1304 1184 1349 a
1204 1292 1394 1350 consonante
1415 1283 1552 1348 inchoat:
1580 1277 1658 1367 ἄγω
1679 1272 1790 1370 ἦγον,
1809 1222 1877 1371 ιζ

669 1371 821 1456 bllayov.
877 1373 942 1437 Nec
969 1370 1036 1436 sine
1063 1370 1192 1436 ratione
1235 1370 1314 1437 Nam
1335 1390 1415 1456 quae
1436 1367 1551 1456 syllaba
1573 1390 1642 1435 non
1665 1381 1822 1439 crescunt
1838 1372 1877 1439 ad

701 1459 832 1525 iectione
860 1456 1009 1543 temporis
1031 1463 1187 1534 creseunt,
1230 1454 1305 1521 dum
1332 1454 1529 1542 incipientem
1556 1454 1705 1522 vocalem
1735 1456 1779 1525 de
1805 1458 1876 1525 breri

701 1544 824 1629 longam
854 1542 985 1618 laciunt,
1021 1549 1057 1607 ut
1084 1537 1170 1621 ἄν),
1208 1543 1241 1603 A
1267 1540 1369 1607 brevis
1394 1548 1511 1606 mutata
1539 1550 1588 1606 est
1617 1542 1654 1607 in
1686 1544 1734 1608 H
1758 1542 1877 1631 longau,

671 1620 791 1717 θῆγον.
835 1628 933 1713 Saepe
966 1635 1069 1692 tamen
1103 1564 1226 1693 boeotia
1258 1627 1378 1725 poetica
1408 1626 1618 1724 incremento·
1633 1636 1763 1695 carent.
1806 1632 1875 1698 llor-

700 1735 870 1801 numquam
893 1713 990 1799 prima
1012 1713 1078 1799 ipsa
1098 1713 1226 1790 vocalis,
1248 1734 1275 1777 οι
1297 1712 1398 1778 brevis
1417 1722 1479 1790 cst,
1500 1711 1663 1778 inmobilis
1688 1723 1818 1796 manet,
1834 1714 1875 1782 cd

701 1802 836 1871 vocalem
859 1799 986 1864 alteram
1007 1798 1130 1885 recipit,
1151 1807 1187 1865 ut
1206 1798 1329 1864 iunctae
1348 1799 1399 1864 lou
1421 1818 1469 1863 am
1490 1797 1605 1862 iaciant
1624 1798 1804 1885 syllabam:
1828 1799 1874 1886 tio

672 1881 805 1970 Ἱεῖχον,
837 1883 920 1950 ἕλκω
941 1877 1063 1964 εἷλκον,
1099 1883 1187 1969 ἕρπω
1208 1877 1331 1966 εἷρπον.
1375 1819 1572 1970 Aliquotiens
1598 1904 1660 1949 nec
1683 1896 1813 1954 mutata
1834 1908 1873 1953 nec

701 1974 796 2040 altera
818 1979 939 2058 recepta
962 1991 1040 2057 quae
1062 1969 1120 2036 luit
1141 1971 1206 2057 ipsa
1227 1968 1420 2055 producitur,
1454 1965 1558 2053 idpdm
1580 1968 1726 2054 ἵδρυον,
1760 1967 1874 2057 &pedo

701 2056 852 2143 bdptvov.
895 2057 955 2124 llic
979 2057 1061 2122 enim
1088 2059 1161 2124 Iet
1186 2061 1215 2121 Τ
1239 2056 1269 2121 in
1299 2055 1452 2142 praesenti
1478 2064 1621 2141 correpta
1648 2055 1686 2121 in
1716 2059 1874 2145 inperlccto

672 2140 775 2213 8rero
797 2146 888 2230 longa
909 2143 1157 2230 pronuntiantur.
1198 2137 1348 2207 ’Τιοθετῶ
1368 2150 1471 2207 autem
1492 2149 1598 2206 manet
1618 2149 1657 2206 ut
1680 2142 1756 2224 luit,
1780 2139 1875 2211 teet

700 2255 798 2312 τουν,
827 2231 899 2317 quia
922 2250 983 2293 non
1008 2228 1109 2314 potuit
1129 2228 1243 2294 babere
1264 2249 1327 2314 quo
1350 2235 1515 2293 cresceret:
1557 2227 1590 2291 in
1615 2231 1785 2313 praesenti
1808 2232 1875 2297 enin

702 2318 793 2405 longa
820 2316 879 2383 luit
907 2313 1090 2402 diphthongi
1127 2313 1303 2400 privilegio:
1342 2314 1414 2380 licet
1442 2312 1474 2377 in
1509 2311 1721 2401 diphthongis
1756 2318 1876 2383 marine

701 2404 918 2471 communibus
940 2400 1126 2488 permutatio
1146 2401 1187 2465 sit
1209 2408 1331 2486 recepta
1354 2400 1387 2465 in
1409 2397 1618 2486 diphthongos
1641 2401 1826 2487 longiores,
1852 2411 1878 2471 nt

702 2495 759 2555 AI
776 2499 807 2556 et
832 2491 894 2566 01,
938 2487 1009 2573 quia
1033 2507 1212 2552 communes
1238 2491 1365 2551 suntet
1387 2506 1621 2571 nonnumquam
1651 2506 1717 2572 pro
1743 2489 1878 2558 brevibus

701 2575 888 2649 habeantur,
910 2572 941 2636 in
963 2573 1003 2635 H
1019 2579 1074 2636 aut
1095 2571 1126 2635 in
1151 2573 1186 2635 Ω
1208 2579 1383 2649 mutantur,
1406 2571 1490 2635 alvei
1509 2566 1631 2657 ἥνουν,
1655 2573 1748 2639 οἰκῶ
1769 2570 1879 2664 ᾤκουν

672 2662 767 2729 llNe'c
789 2680 838 2724 me
860 2657 1008 2744 praeterit
1033 2655 1126 2721 etiarn
1148 2658 1214 2719 Aa
1229 2655 1471 2763 diphthongum,
1531 2677 1590 2722 uae
1618 2678 1805 2746 numquam
1831 2681 1879 2748 pro

703 2744 858 2813 communi
881 2741 984 2806 habita
1002 2750 1063 2816 est,
1083 2741 1184 2806 solere
1206 2742 1334 2818 mutari,
1354 2742 1446 2807 cedei
1465 2678 1605 2826 eddom,
1629 2738 1731 2827 αὐχῶ
1753 2744 1881 2856 ηὔχου,

703 2833 775 2900 licet
805 2831 867 2893 ΟΥ
888 2834 920 2891 et
946 2829 1001 2890 ΕΙ
1027 2826 1223 2891 inmutabiles
1250 2836 1409 2902 maneant,
1452 2824 1542 2915 οὐρῶ
1568 2822 1718 2910 οὔρουυ,
1765 2830 1881 2912 emite

703 2913 850 2994 οὔταζον,
870 2911 1015 2990 εἰκονίζω
1037 2908 1205 2991 εἰκόνιζον,
1227 2908 1342 2992 εἰκάζω
1366 2913 1503 2994 εἴκαζον,
1524 2908 1649 2999 τὸγὰρ
1672 2909 1806 3002 ᾗκαζον
1825 2915 1882 2984 Ἀκ-

651 2996 826 3091 [οοκῃικόν.
873 3001 908 3063 tl
930 3007 962 3064 et
984 2999 1025 3062 H
1041 2998 1139 3065 multo
1161 2999 1352 3065 constantius
1374 3009 1514 3079 manent,
1543 2999 1627 3086 quod
1652 3000 1883 3072 incrementum

654 3087 851 3177 loperleetio
871 3094 956 3151 tanta
977 3106 1041 3150 non
1062 3083 1185 3191 recipit,
1209 3078 1358 3169 ὠνοῦμαι
1378 3080 1549 3170 ὠνούμην,
1570 3081 1640 3172 nigei
1658 3081 1781 3172 ἧχουν.
1828 3093 1884 3158 Er·

703 3176 861 3265 cipiuntur
886 3165 1025 3259 ἑορταζω
1053 3178 1086 3239 et
1112 3171 1225 3250 οψείυ.
1276 3172 1356 3240 Cum
1385 3172 1467 3239 enim
1496 3172 1578 3322 apud
1606 3171 1752 3242 Graecos
1784 3177 1885 3245 omnia

703 3262 871 3352 inperfecta
902 3280 1072 3346 numquam
1103 3258 1219 3325 medias
1251 3260 1305 3326 sed
1336 3267 1457 3324 tantum
1490 3259 1631 3325 utimam
1666 3260 1720 3326 rel
1754 3265 1885 3350 primun

703 3357 863 3426 moueant,
889 3346 1012 3412 illorum
1034 3343 1164 3411 alterum
1185 3344 1283 3411 solam
1305 3343 1437 3410 mediam
1460 3344 1573 3423 merit,
1600 3338 1788 3429 ἑώρταζον,
1818 3370 1885 3417 cum

714 3430 743 3457 Η

703 3437 862 3545 ρορταζον
883 3432 982 3498 iecere
1004 3430 1173 3505 debuisset,
1192 3431 1325 3497 alterurn
1346 3438 1378 3497 et
1398 3429 1527 3515 primum
1549 3437 1582 3495 ct
1601 3429 1761 3513 mediam,
1784 3429 1885 3514 ὀφείο

655 3522 692 3588 ll
705 3532 822 3600 ωνεον.
862 3511 945 3604 ‘Occi
975 3517 1058 3584 enim
1087 3523 1120 3582 et
1145 3510 1259 3601 ἑώρων
1287 3537 1350 3582 nen
1376 3522 1449 3580 sunt
1477 3522 1584 3580 contra
1611 3516 1777 3599 regulam,
1816 3521 1884 3608 quia

704 3603 787 3691 ὁρῶ,
820 3624 891 3671 cum
918 3599 1015 3688 ὥρων
1032 3601 1132 3668 lacere
1152 3600 1274 3681 debuit,
1299 3622 1338 3667 ex
1359 3599 1526 3667 abundanti
1552 3598 1708 3687 principio
1730 3606 1769 3668 E
1785 3605 1885 3672 addita

704 3701 767 3773 est,
796 3699 829 3756 et
847 3688 920 3754 lecit
942 3709 999 3775 pro
1021 3682 1117 3772 ὥρων
1138 3681 1267 3772 ἑώρων,
1290 3694 1326 3754 nt
1346 3680 1485 3770 οἰνοχόον
1506 3679 1695 3773 ᾠνοχόουν,
1722 3697 1884 3759 ettamen

772 3842 826 3894 tta.
845 3841 894 3903 P.]

704 3934 730 3983 b·
766 3928 798 3980 H
816 3926 935 3995 longum
961 3922 1062 3975 ΒΜ.
1215 3928 1241 3976 6.
1276 3918 1455 3977 dimetiens
1481 3922 1597 3990 scripsit
1618 3923 1772 3981 Fontanus
1795 3929 1886 3997 θροο-

723 4012 774 4048 neo
795 4001 824 4048 et
840 3991 987 4063 scaligero
1009 3990 1202 4044 suadentibus.
1239 3991 1346 4048 ΕΑΚΩ
1370 3992 1526 4045 ΕΙΛΚΟΝ
1543 3992 1573 4044 Ρ.
1731 4000 1762 4048 8.
1799 3992 1886 4065 quom
1953 4035 1955 4042 .

703 4016 806 4119 ΒΜ.
958 4066 985 4113 s.
1018 4054 1119 4129 ἥκαζον
1139 4059 1243 4113 undu.
1263 4089 1298 4099 -
1323 4054 1445 4111 Απικὸν.
1474 4059 1502 4113 ta
1519 4067 1544 4113 ct
1563 4059 1594 4111 H
1610 4057 1683 4111 coni.
1703 4060 1886 4133 Opaopom

703 4130 950 4188 ΑΤΤΙΚΟΝΩΣ
970 4130 1078 4183 ΕΣΤΙ.
1106 4131 1188 4183 multo
1213 4128 1245 4183 P.
1296 4120 1407 4180 ἄπικόν
1433 4122 1513 4179 ἐστι,
1539 4126 1625 4180 Multo
1656 4127 1730 4182 Edd.
1764 4160 1801 4172 -
1828 4128 1885 4202 ἐρῶ

704 4202 784 4272 p2·b.

703 4336 741 4391 11.
761 4336 789 4387 in
812 4333 926 4386 oraculo
949 4332 983 4383 de
1002 4331 1161 4400 Byzantina
1179 4285 1263 4383 urhe:
1349 4333 1375 4380 s.
1410 4322 1497 4393 ὄψείο
1513 4320 1664 4445 ὦψεονιῐο
1683 4328 1721 4385 Η.
1738 4330 1886 4399 Stephani

703 4398 774 4470 ταχὺ
803 4398 839 4468 δὴ
872 4395 954 4467 popio
984 4395 1158 4467 αἱμοροήοει,
1191 4398 1263 4467 qnod
1315 4394 1404 4447 Thes.
1427 4395 1475 4446 Gr.
1501 4395 1521 4446 l.
1544 4395 1586 4445 ed.
1628 4410 1669 4447 ar.
1692 4413 1718 4448 ι.
1734 4397 1767 4449 b.
1791 4417 1818 4452 v.
1843 4403 1886 4454 le-

703 4466 900 4539 grammatici·
914 4472 957 4517 ent
974 4462 1179 4548 clpopdocineffl
1198 4467 1263 4519 Orc.
1336 4469 1420 4515 nntnr
1432 4462 1522 4529 haece
1533 4460 1692 4528 „Sophron
1704 4467 1784 4531 apud
1799 4467 1820 4519 Δ
1843 4470 1886 4521 ol-

703 4535 871 4586 ..Secutus
888 4550 950 4586 cnm
966 4535 1071 4586 codicis
1086 4534 1263 4603 scripturam,
1314 4480 1370 4582 han.
1388 4531 1423 4614 dp
1441 4547 1518 4614 prop.
1543 4547 1568 4595 p.
1586 4534 1619 4579 63
1630 4528 1661 4579 Β
1678 4524 1809 4649 ’Dpdvd
1840 4551 1884 4589 τοι

702 4603 772 4655 licet
798 4618 852 4653 non
880 4601 1007 4669 ignorem
1036 4601 1155 4670 simplex
1185 4604 1210 4655 P
1235 4602 1263 4653 in
1313 4596 1708 4665 ostentationemque&
1731 4599 1761 4650 lr.
1782 4609 1885 4656 contra

703 4670 750 4722 laic
763 4668 927 4737 inperfectis
940 4676 1083 4737 poetarum
1095 4686 1168 4722 ecee.
1201 4669 1262 4720 Vid.
1315 4658 1505 4731 eod-dipem.
1539 4664 1679 4716 Ghoerob.
1704 4668 1753 4719 vol
1783 4669 1829 4733 ll,
1855 4687 1882 4738 p.

703 4737 810 4789 Bnttm.
834 4738 974 4791 nucldhrl.
998 4738 1113 4791 Griech.
1132 4737 1263 4805 Spraelrl.
1314 4736 1375 4798 528,
1390 4736 1420 4783 22
1442 4728 1482 4784 Τό
1501 4728 1531 4784 δὲ
1549 4724 1644 4797 ὄψέἷω,
1663 4725 1733 4799 ὅπερ
1753 4736 1885 4802 σημαίνει

702 4804 778 4871 521,
795 4802 857 4855 Not.
875 4808 901 4855 b.
1313 4794 1346 4851 τὸ
1379 4794 1530 4864 ἐπιθυμίαν
1558 4794 1609 4848 ἔω
1641 4798 1693 4848 τοῦ
1722 4801 1884 4870 θεωρῆσαι,

737 4876 763 4925 b.
798 4871 922 4924 Abrcoic
938 4878 1042 4924 matuta
1061 4878 1099 4924 est
1116 4871 1144 4922 in
1163 4871 1195 4921 H
1206 4871 1264 4923 loo·
1314 4861 1427 4933 ὀφεῖλον
1458 4814 1591 4944 clancula
1622 4862 1662 4935 τῷ
1696 4870 1883 4943 παρατατικρῖ

702 4939 778 5010 gom]
799 4940 830 4991 ln
847 4939 909 4991 cdd.
929 4943 966 5001 et,
983 4936 1263 4995 utridetur,incod.
1314 4929 1418 4999 ὤψειον
1439 4927 1489 5015 §cd
1517 4948 1566 4996 της
1591 4928 1617 5010 cl
1645 4928 1810 5013 dcpddypou

703 5024 755 5060 mc.
776 5008 881 5077 legitur
899 5007 1032 5076 lengum,
1067 5006 1115 5056 ned
1134 5004 1162 5055 lr.
1183 5004 1201 5055 l.
1221 5005 1264 5057 le·
1342 4996 1415 5052 ένετο
1431 5006 1524 5064 ωψεον
1545 5013 1622 5064 παρα
1641 4996 1790 5065 Σωφρονα
1807 5000 1884 5055 κατὰ

702 5076 841 5130 mininnm
867 5091 957 5145 genus
983 5070 1173 5125 neceesarium
1200 5088 1264 5126 cmo
1312 5060 1454 5134 αποβολὴν
1475 5064 1527 5117 τοῦ
1549 5082 1568 5114 ι.
1604 5063 1684 5115 (loni.
1707 5065 1806 5121 crem.
1830 5074 1883 5125 dn.
1968 5095 1969 5104 ο

702 5144 828 5211 videtur,
863 5141 1030 5213 praesertim
1050 5145 1264 5209 qnnmantece-
1313 5134 1368 5190 vol·
1384 5133 1434 5197 lt,
1449 5148 1476 5197 p.
1493 5135 1557 5193 sta,
1576 5134 1633 5196 10.,
1661 5129 1700 5195 ll,
1719 5149 1749 5198 p.
1766 5139 1883 5201 ma,

703 5211 765 5267 dat:
800 5217 863 5269 dnm
890 5212 1057 5281 incipientem
1085 5210 1202 5263 vocalem
1230 5210 1263 5261 de
1312 5203 1442 5255 ceteram
1461 5214 1545 5265 eeepe
1563 5198 1616 5256 hnc
1632 5198 1752 5251 verbnm
1769 5219 1885 5261 memo-

701 5279 774 5337 brcni
789 5284 899 5356 longam
914 5280 1029 5351 fodant·
1063 5277 1107 5333 (ll.
1124 5294 1148 5333 e.
1165 5279 1192 5343 ³,
1206 5275 1220 5342 §
1236 5279 1263 5330 8.
1313 5272 1377 5325 rant
1393 5266 1479 5321 etiem
1496 5266 1548 5319 alii
1566 5264 1779 5335 grammatici.“
