5092 6425
774 845 913 914 couri.
933 846 978 914 m
1000 804 1127 913 souis.
1149 843 1247 912 scir.
1290 847 1365 911 nm.
1389 849 1412 911 1.
1456 849 1546 914 car.
1568 851 1651 917 xrv.
1673 853 1742 919 xv.
1806 852 1848 920 87

665 1025 698 1083 et
726 1024 801 1081 sunt
830 1022 952 1100 praeter
980 1035 1051 1079 eum
1082 1034 1212 1079 numero
1241 1014 1362 1091 decem,
1404 1015 1442 1080 de
1472 1017 1584 1102 quihus
1611 1040 1690 1104 quae
1717 1021 1845 1088 dicenda

663 1109 739 1167 sunt
763 1101 969 1186 proferemus,
992 1120 1061 1164 cum
1086 1099 1124 1163 de
1147 1099 1206 1164 hoc
1227 1110 1407 1186 competens
1429 1123 1530 1167 sermo
1554 1106 1744 1188 processerit.
1788 1108 1843 1172 So-

664 1188 714 1252 lus
735 1208 772 1251 ex
794 1187 939 1250 omnibus
961 1184 1011 1248 hic
1032 1185 1188 1250 subiectus
1208 1194 1256 1250 est
1276 1187 1382 1264 oculis,
1403 1188 1513 1251 ceteris
1532 1189 1653 1253 circulis
1674 1191 1771 1275 magis
1791 1213 1842 1256 co·

663 1273 813 1357 gitatione
834 1292 927 1356 quam
946 1271 1015 1334 visu
1035 1270 1332 1355 conprehendendis.
1385 1273 1433 1336 De
1454 1272 1513 1336 hoc
1532 1273 1628 1339 lacteo
1649 1276 1739 1341 multi
1760 1276 1870 1343 interd

664 1379 698 1422 se
720 1357 840 1422 diversa
863 1362 1044 1432 senserunt,
1067 1376 1235 1441 causasque
1258 1356 1325 1421 eius
1347 1357 1398 1420 alii
1420 1357 1588 1435 fabulosas,
1611 1361 1765 1425 naturales
1787 1363 1890 1446 alibro]

663 1443 877 1528 protulerunt:
896 1440 949 1505 sed
970 1461 1027 1504 nos
1046 1440 1183 1506 sabulosa
1205 1442 1369 1506 reticentes
1390 1463 1426 1506 ea
1447 1451 1569 1507 tantum
1591 1465 1671 1530 quae
1691 1446 1730 1510 ad
1751 1454 1839 1512 natu·

664 1550 730 1592 ram
752 1528 819 1592 eius
842 1527 907 1592 risa
928 1532 1002 1590 sunt
1022 1526 1177 1610 pertinere
1199 1526 1346 1591 dicemus.
1389 1527 1620 1612 Theophrastus
1641 1531 1772 1596 lacteum
1794 1532 1868 1606 ‹ii-4

663 1615 709 1678 xit
735 1634 802 1677 esse
830 1631 1009 1697 compagem
1041 1631 1102 1696 qua
1129 1610 1167 1675 de
1196 1612 1318 1677 duobus
1345 1611 1579 1698 hemisphaeriis
1605 1615 1680 1679 caeli
1707 1616 1838 1701 sphaera

664 1698 793 1762 solidata
820 1705 881 1772 cst,
916 1703 948 1760 et
976 1695 1045 1760 ideo
1074 1695 1128 1760 ubi
1155 1716 1227 1761 orae
1253 1698 1411 1783 utrimque
1436 1708 1644 1765 convenerant
1670 1702 1837 1766 notabilem

663 1784 834 1848 claritatem
866 1780 977 1848 videri:
1020 1780 1177 1846 Diodorus
1211 1783 1313 1868 ignem
1347 1804 1414 1848 esse
1442 1784 1586 1848 densetae
1614 1794 1865 1871 concretaeque5

663 1877 794 1933 naturae
823 1868 853 1931 in
881 1887 973 1931 unam
1001 1867 1086 1932 curvi
1119 1866 1225 1931 limitis
1255 1867 1411 1945 semitam,
1451 1869 1635 1935 discretione
1663 1871 1837 1936 mundanae

663 1954 798 2017 fabricae
826 1961 1024 2017 coacervante
1052 1962 1245 2029 concretum,
1286 1961 1318 2018 et
1340 1954 1409 2018 idco
1438 1955 1537 2020 visum
1558 1955 1706 2021 intuentis
1728 1957 1837 2022 admit·
1868 2006 1871 2013 .

664 2047 746 2115 tere,
779 2038 899 2123 reliquo
921 2037 992 2121 igne
1014 2037 1137 2101 caelesti
1159 2039 1257 2102 lucem
1279 2059 1367 2102 suam
1389 2040 1483 2103 nimia
1504 2040 1671 2105 subtilitate
1694 2041 1837 2107 diffusam

662 2145 728 2188 non
750 2123 920 2187 subiciente
943 2121 1136 2206 conspectui:
1171 2123 1369 2188 Democritus
1391 2123 1568 2188 innumeras
1591 2126 1694 2189 stellas
1714 2126 1864 2198 breves-6

664 2230 727 2293 que
747 2229 870 2283 omnes,
890 2227 969 2291 quae
991 2207 1089 2292 spisso
1109 2214 1210 2273 tractu
1232 2208 1264 2271 in
1284 2228 1382 2273 unum
1403 2216 1538 2283 coactae,
1558 2210 1664 2294 spatiis
1684 2231 1763 2294 quae
1781 2233 1835 2275 an·

663 2293 842 2378 gustissima
860 2291 1040 2356 interiacent
1060 2294 1186 2376 opertis,
1209 2292 1326 2357 vicinae
1347 2293 1405 2358 sibi
1424 2292 1563 2390 undique
1584 2301 1615 2358 et
1633 2294 1702 2358 ideo
1720 2296 1834 2379 passim

662 2379 793 2442 diffusae
820 2377 896 2440 lucis
924 2379 1082 2462 aspergine
1111 2378 1293 2443 continuum
1320 2378 1416 2442 iuncti
1445 2378 1570 2443 lummis
1591 2399 1703 2464 corpus
1731 2387 1834 2444 osten-

662 2464 758 2528 dunt:
787 2461 839 2526 sed
860 2461 1062 2539 Posidonius,
1083 2463 1171 2529 cuius
1193 2461 1364 2527 definitioni
1389 2463 1522 2548 plurium
1546 2484 1713 2528 consensus
1734 2469 1862 2533 acces-'l

663 2549 717 2626 sit,
755 2547 798 2612 ait
820 2548 951 2611 lacteum
975 2548 1085 2614 caloris
1107 2570 1174 2614 esse
1201 2547 1312 2612 siderei
1335 2548 1535 2627 inlusionem,
1577 2569 1669 2634 quam
1691 2548 1761 2613 ideo
1781 2549 1833 2614 ad·

660 2654 748 2699 versa
770 2632 893 2696 zodiaco
914 2633 1046 2698 curvitas
1069 2633 1254 2719 obliquavit,
1281 2641 1330 2709 ut,
1351 2633 1497 2719 quoniam
1521 2633 1567 2698 sol
1589 2655 1758 2719 numquam
1782 2656 1832 2699 zo·

662 2718 739 2782 diaci
760 2717 936 2781 excedendo
959 2717 1109 2784 terminos
1131 2727 1289 2804 expertem
1310 2718 1439 2785 fervoris
1465 2718 1512 2783 sui
1561 2727 1657 2784 artem
1685 2719 1760 2784 caeli
1785 2741 1833 2784 re-

656 2803 776 2888 liquam
804 2802 980 2879 deserebat,
1021 2803 1072 2867 bic
1097 2805 1197 2869 circus
1219 2825 1236 2868 a
1257 2803 1306 2868 ria
1328 2804 1409 2868 solis
1437 2804 1469 2867 in
1498 2740 1659 2889 obliquum
1686 2804 1832 2870 recedens

660 2888 891 2953 universitatem
920 2887 1003 2951 llexu
1029 2887 1127 2954 calido
1160 2896 1356 2972 temperaret.
1399 2887 1522 2966 Quibus
1555 2897 1658 2954 autem
1693 2890 1832 2975 partibus

662 2974 819 3038 zodiacum
847 2973 1026 3051 intersecet,
1063 2974 1205 3060 superius
1227 2973 1287 3037 iam
1311 2974 1442 3038 relatum
1465 2983 1520 3039 est.
1562 2976 1646 3040 Haec
1667 2973 1705 3040 de
1726 2975 1832 3040 lacteo.

1456 3126 1541 3188 [Edd.
1560 3124 1763 3194 vicahgspdeh.
1791 3186 1794 3192 ¹

660 3214 780 3265 circulis
796 3229 858 3282 v-g.
873 3242 907 3251 —-
927 3228 1035 3265 narmero
1053 3227 1107 3262 om.
1126 3211 1176 3262 nr.
1195 3240 1230 3248 —
1246 3215 1412 3279 proferemus
1429 3209 1515 3262 GFRt
1537 3211 1594 3277 (Ru
1609 3228 1625 3264 a
1642 3228 1696 3263 sec.
1710 3218 1762 3271 m.)
1778 3228 1832 3281 ng

659 3280 871 3333 bGBan.hBars.
893 3281 985 3346 „quod
1004 3280 1191 3346 spernendum
1213 3296 1266 3329 non
1288 3280 1398 3331 ridetur
1416 3285 1579 3345 propterea,
1609 3280 1681 3345 quod
1701 3296 1756 3330 non
1773 3284 1833 3329 sta-

658 3350 709 3399 tim
729 3350 843 3414 exponit
860 3349 894 3398 de
914 3347 1165 3409 assertiunculis,
1198 3346 1247 3397 secl
1267 3354 1330 3413 post
1353 3347 1570 3413 disputationem
1589 3347 1700 3396 demum
1718 3346 1753 3395 de
1776 3346 1832 3396 cir·

660 3418 725 3465 cnto
746 3417 866 3466 lacteo.“
891 3414 976 3465 Zcun.
1011 3413 1054 3463 Gi.
1073 3413 1087 3478 ξ
1105 3420 1131 3465 8.
1168 3417 1347 3481 proferamus
1370 3415 1467 3480 ΡΜ
1488 3430 1504 3465 n
1523 3431 1548 3478 p.
1567 3414 1619 3476 m.)
1637 3412 1712 3463 s-aS.
1738 3441 1772 3449 -
1799 3429 1830 3463 ex

659 3484 778 3534 omnibus
796 3484 845 3532 bis
863 3481 895 3531 F.
931 3500 961 3532 er
979 3481 1096 3531 omnibus
1114 3482 1167 3533 tis
1183 3481 1225 3532 hic
1243 3482 1314 3532 Burs.
1349 3483 1391 3533 hic
1408 3499 1440 3533 ex
1458 3482 1575 3532 omnihus
1592 3481 1645 3530 Rl.
1665 3508 1701 3517 —
1722 3480 1830 3531 caerem

661 3550 1001 3668 ⁰ls⁶¹¹mg⁸¹⁸lgs¹l⁰g²⁸GV¹
1023 3577 1058 3585 -
1081 3550 1329 3668 “iimimiiieudi'
1352 3550 1412 3668 siqu
1436 3550 1486 3669 ΒὸΙς
1525 3548 1639 3667 (εειιῑιέί
1655 3547 1774 3667 cqnpreh.
1789 3545 1831 3665 dc

782 3654 788 3667 .
844 3634 928 3667 cursa
975 3632 1178 3668 .-senrun
1262 3647 1327 3666 .—
1351 3634 1378 3668 se
1413 3636 1447 3668 no
1474 3633 1501 3669 rs
1525 3630 1606 3669 v.-
1641 3632 1784 3666 anamma
1814 3632 1829 3667 o

661 3701 722 3748 v-g.
875 3686 899 3733 4.
937 3684 1011 3734 dicit
1034 3682 1064 3734 F.
1085 3714 1120 3747 ,-
1141 3685 1338 3753 compaginem
1360 3685 1445 3752 hgin
1462 3701 1519 3752 mg.
1540 3713 1575 3723 -
1598 3684 1671 3749 quia
1690 3699 1716 3733 ν.
1751 3699 1829 3749 quae

659 3752 710 3801 lll.
726 3780 761 3788 —
778 3759 802 3802 et
820 3751 877 3802 idco
897 3752 941 3802 nbi
961 3749 1140 3819 hisnu-agl’l
1160 3752 1251 3815 „dnal
1264 3755 1283 3779 ‘⁶
1322 3762 1347 3805 ct
1367 3755 1465 3806 etiarn
1482 3754 1527 3804 uhi
1548 3752 1644 3816 „alius
1661 3750 1763 3819 Angl.‘·
1804 3758 1830 3803 et

659 3821 704 3869 nbi
723 3824 790 3879 (irin.
812 3820 883 3879 ideo)
907 3820 983 3870 lis-b.
1005 3850 1040 3858 -
1060 3837 1122 3871 orae
1135 3821 1227 3885 sines
1250 3820 1321 3870 Bne.
1343 3850 1378 3860 —
1400 3822 1567 3873 converiunt
1588 3837 1613 3869 v.
1653 3818 1829 3871 conveniant

659 3887 730 3937 Bau.
757 3915 792 3923 -
813 3888 933 3938 nobilem
958 3887 992 3937 G.
1144 3892 1169 3937 5,
1206 3887 1330 3940 densetae
1348 3888 1440 3941 CRlG
1459 3890 1516 3950 (Re
1534 3889 1563 3939 in
1583 3904 1637 3938 ras.
1657 3902 1674 3938 a
1692 3905 1748 3938 sec.
1767 3891 1829 3946 m).

660 3954 701 4004 cf.
721 3970 743 4005 c.
763 3958 792 4014 3,
811 3955 824 4017 b
842 3959 885 4005 20.
934 3956 1040 4006 densae
1057 3971 1075 4006 v
1093 3953 1167 4015 „Mn
1185 3954 1266 4023 dagl.
1287 3960 1403 4007 nnus.“.
1439 3958 1574 4008 densatae
1592 3953 1776 4006 i-bFSPBan.
1793 3980 1828 3991 -

658 4024 723 4089 igni
740 4022 846 4073 caelesti
863 4023 913 4072 Rl.
931 4052 965 4059 »-
986 4040 1062 4072 sunm
1079 4022 1162 4072 lacem
1179 4020 1209 4071 F.
1226 4050 1260 4059 -
1282 4026 1366 4075 nimia
1383 4024 1447 4074 add.
1464 4040 1481 4074 a
1501 4039 1556 4074 sec.
1575 4038 1612 4071 m.
1630 4019 1662 4069 F.

658 4095 683 4139 6.
721 4106 857 4155 omnesque
874 4091 962 4140 breues
982 4090 1029 4138 Rl.
1049 4118 1085 4125 —
1102 4090 1218 4153 undique
1234 4092 1334 4154 passim
1351 4092 1466 4155 diffamas
1484 4089 1627 4155 aspergine
1643 4086 1709 4136 lueis
1727 4092 1752 4136 ct
1768 4085 1828 4135 ideo

658 4158 797 4207 ostendant
820 4158 970 4207 continuum
993 4173 1087 4222 corpus
1106 4156 1190 4206 iuncti
1213 4156 1321 4208 taminia
1346 4156 1419 4206 Bran.
1440 4184 1475 4193 —-
1500 4153 1687 4205 Poseidonias
1707 4150 1777 4199 ΕΜ.
1800 4155 1829 4200 et

658 4224 726 4273 Mes.
760 4224 897 4273 nonnulli.
941 4223 1133 4289 possedonius
1164 4222 1260 4271 CFRl.
1423 4226 1449 4271 7.
1490 4218 1639 4285 definitioni
1669 4214 1826 4267 flatenen.

657 4293 711 4355 slis
708 4292 829 4355 finitioni
847 4290 983 4338 cusanc.
999 4318 1033 4326 --
1054 4290 1127 4340 lacte
1147 4306 1209 4339 eum
1229 4289 1280 4338 Rl.
1296 4318 1331 4325 —
1352 4288 1449 4339 caloris
1467 4303 1522 4337 esse
1539 4284 1689 4335 aetherei
1705 4282 1737 4331 F.
1773 4298 1828 4333 css-c

656 4360 754 4410 caloris
773 4358 869 4406 etherei
889 4356 937 4403 Rl.
960 4384 995 4402 -r
1011 4357 1152 4421 fusionem
1172 4356 1289 4407 Rauen.
1309 4355 1391 4415 Anat.
1413 4382 1448 4391 -
1469 4353 1612 4403 deserebat.
1629 4352 1758 4418 reliquam
1775 4349 1826 4399 Ra.

655 4426 786 4489 reliquam
802 4422 950 4472 desecabat
968 4421 998 4470 C.
1017 4450 1051 4458 —
1068 4424 1151 4473 circus
1168 4425 1239 4489 quia
1257 4424 1321 4473 eolis
1338 4423 1389 4471 tir.
1404 4450 1440 4459 —
1452 4422 1541 4485 fluxu
1557 4420 1651 4485 ,‚llls.“
1669 4447 1703 4457 -
1726 4425 1825 4485 tempe·

655 4493 719 4544 rari
737 4489 767 4539 (l.
782 4517 814 4525 -
832 4489 931 4551 eribus
1004 4488 1087 4539 lactea
1107 4488 1535 4541 ditc.st’1t2GBm.Gnneatra.
1571 4489 1615 4540 Et
1630 4488 1679 4541 ita
1697 4488 1828 4537 lacteas

657 4559 807 4611 circulus
830 4556 1000 4605 zodiacum
1020 4556 1176 4622 obliquae
1194 4557 1488 4623 circumflexiones
1506 4573 1640 4608 accursu
1658 4554 1827 4606 ambiendo

657 4625 888 4694 corrplectitur.
924 4630 959 4672 ut
992 4638 1060 4671 eum
1090 4641 1154 4689 qua
1177 4624 1240 4674 cluo
1268 4626 1398 4691 tropica
1420 4625 1523 4691 signa
1550 4625 1774 4691 capricornus
1796 4628 1827 4672 et

658 4711 778 4746 carices
794 4696 957 4759 seruntur
979 4689 1173 4742 intersecet.
1213 4691 1389 4743 Herculis
1408 4700 1526 4760 portas
1545 4691 1670 4760 phisici
1690 4705 1826 4741 cacave-

691 4833 715 4878 ³.
752 4845 847 4878 causas
865 4824 1019 4892 fabulosas]
1050 4823 1162 4888 „Veluti
1184 4824 1218 4875 de
1270 4826 1306 4889 ll,
1320 4830 1400 4888 enlm,
1417 4824 1521 4877 hchttt.
1534 4824 1599 4877 'rat
1617 4826 1768 4877 Phaenom.
1784 4825 1827 4873 21.

658 4897 730 4947 lacte
747 4896 818 4961 quod
840 4911 872 4944 ex
891 4892 1004 4943 lunonis
1019 4891 1147 4943 mammis
1164 4892 1218 4942 flu·
1269 4894 1380 4946 Gemin.
1392 4896 1468 4960 laag.
1481 4897 1507 4944 4.
1535 4892 1737 4960 Hipparchus!
1750 4891 1827 4941 Arsi.

657 4964 731 5014 serit
747 4966 782 5013 ob
801 4961 963 5012 Herculem.
999 4960 1217 5012 Vidh'ratosth.
1269 4963 1509 5026 Phaenom.l,2l.
1545 4961 1691 5014 Plutarch.
1704 4959 1738 5010 de
1753 4959 1825 5024 plac.

658 5030 935 5081 catasterism.‹ll.“
958 5029 1042 5079 Zuun.
1083 5028 1126 5078 Gi.
1146 5029 1217 5080 Pon·
1269 5030 1339 5097 phil.
1358 5031 1415 5091 Ill,
1439 5035 1461 5080 l.
1480 5031 1517 5080 al.

660 5100 718 5149 tani
737 5106 830 5149 notam
849 5099 882 5148 sd
904 5116 928 5149 c.
945 5102 987 5156 12,
1004 5098 1016 5161 §
1036 5100 1061 5159 3,
1082 5103 1109 5147 et
1127 5097 1217 5164 Pauly
1302 5102 1328 5148 6.
1368 5099 1530 5150 Democritus
1551 5098 1703 5148 innumeras
1724 5092 1826 5158 stellas]

659 5166 872 5231 Renl-Encycl.
891 5166 948 5217 vol.
970 5165 1012 5227 ll,
1031 5182 1056 5230 p.
1075 5168 1148 5226 316„
1169 5166 1216 5216 ubi
1267 5166 1447 5229 „Mirandum
1467 5182 1551 5229 sane,
1578 5166 1649 5230 quod
1669 5160 1825 5226 hicphilo·
1897 5213 1906 5229 ⁸

661 5235 783 5286 citantur
812 5232 919 5302 Hygia.
953 5233 1033 5285 Poet.
1059 5232 1216 5286 detronom.
1255 5235 1374 5302 vsophias
1402 5221 1521 5302 collegit
1547 5232 1582 5284 do
1609 5231 1717 5284 ratione
1744 5226 1829 5279 lactei
