5092 6425
743 897 806 966 rao
1221 893 1427 998 uacnour

741 1065 870 1154 infimus,
891 1065 1038 1151 quoniam
1060 1063 1181 1150 spiritu,
1198 1071 1234 1129 ut
1254 1065 1286 1129 in
1305 1063 1509 1140 extremitate,
1532 1063 1750 1147 languescente
1769 1062 1829 1127 iam
1850 1064 1916 1128 rol·

742 1155 840 1230 uitur,
874 1161 906 1215 et
928 1159 1054 1237 proptor
1076 1150 1233 1234 angustias
1257 1149 1370 1236 quibus
1392 1149 1580 1234 penultimus
1600 1148 1685 1212 orbis
1714 1155 1833 1213 artatur
1858 1149 1916 1212 im-

712 1241 819 1326 5pctu
840 1237 959 1302 leniore
980 1237 1179 1302 convertitur.
1221 1237 1286 1301 Nec
1307 1256 1394 1299 secus
1416 1235 1583 1320 probamus
1605 1234 1637 1297 in
1656 1234 1767 1311 tibiis,
1783 1235 1821 1298 de
1842 1256 1917 1320 qua-

693 1343 839 1414 [raolrum
859 1321 1062 1387 foraminibus
1080 1321 1187 1387 vicinis
1209 1321 1344 1386 inflantis
1364 1320 1412 1384 ori
1432 1341 1526 1384 sonus
1548 1327 1657 1384 acutus
1678 1320 1844 1398 emittitur,
1879 1320 1917 1384 do

745 1406 925 1493 longinquis
944 1415 1048 1472 autem
1071 1416 1103 1472 et
1123 1407 1256 1473 termino
1279 1406 1428 1492 proximis
1451 1406 1586 1491 gravior:
1622 1404 1696 1470 item
1720 1407 1840 1471 acutior
1862 1427 1918 1492 per

723 1493 919 1579 ,patentiora
947 1491 1113 1569 foramina,
1147 1493 1270 1577 gravior
1298 1512 1354 1577 per
1380 1500 1518 1576 angusta.
1561 1492 1603 1556 Et
1622 1491 1785 1576 utriusque
1807 1512 1917 1556 causae

745 1578 824 1644 ratio
846 1599 924 1656 una,
952 1579 1024 1663 quia
1047 1578 1173 1664 spiritus
1194 1578 1248 1643 ubi
1271 1578 1379 1663 incipit
1398 1577 1508 1645 fortior
1530 1584 1592 1652 est,
1618 1574 1766 1641 defectior
1786 1577 1841 1641 ubi
1864 1577 1918 1640 de·

746 1664 834 1729 sinit:
856 1671 888 1728 et
909 1664 981 1750 quie
1000 1664 1148 1729 maiorem
1169 1664 1319 1749 impetum
1341 1682 1397 1748 per
1417 1663 1516 1727 maius
1534 1661 1671 1727 foramen
1694 1662 1822 1746 inpellit,
1843 1683 1917 1726 con·

717 1749 795 1813 dtra
819 1756 923 1814 autem
950 1749 983 1814 in
1012 1750 1150 1836 angustis
1178 1749 1330 1834 contingit
1356 1756 1389 1812 et
1415 1748 1537 1812 eminus
1562 1748 1680 1832 positis.
1722 1749 1805 1831 Ergo
1832 1747 1918 1811 orbis

746 1833 931 1909 altissimus,
963 1842 995 1899 et
1015 1843 1051 1900 ut
1076 1835 1108 1900 in
1137 1835 1311 1901 inmensum
1339 1841 1448 1920 patens
1473 1840 1505 1898 et
1531 1841 1567 1897 ut
1594 1833 1705 1918 spiritu
1730 1853 1768 1897 eo
1790 1832 1918 1896 fortiore

747 1938 810 2005 quo
834 1918 945 2004 origini
968 1941 1042 1986 auae
1068 1921 1198 1986 vicinior
1221 1928 1268 1986 est
1293 1920 1452 1996 incitatus,
1489 1938 1636 1984 sonorum
1663 1919 1702 1983 dc
1728 1939 1761 1983 se
1789 1938 1919 1983 acumen

747 2003 877 2069 emittit:
918 2024 979 2071 vox
1004 2005 1107 2071 ultimi
1133 2015 1165 2071 ct
1186 2026 1245 2093 pro
1268 2006 1357 2091 apctii
1385 2004 1535 2069 brevitate
1557 2011 1589 2068 et
1616 2025 1673 2090 pro
1694 2003 1919 2089 longinquitate

719 2087 809 2155 liam
825 2088 984 2174 frangitur.
1025 2091 1106 2156 Hinc
1125 2111 1251 2177 quoque
1267 2091 1403 2177 apertius
1421 2089 1608 2175 adprobatur
1627 2089 1780 2174 spiritum,
1801 2096 1920 2175 quanto

748 2174 788 2239 ab
808 2174 927 2258 origine
948 2196 1003 2240 sua
1024 2176 1168 2242 deorsum
1192 2177 1321 2253 recedit,
1343 2185 1429 2241 tanto
1452 2175 1531 2239 circa
1553 2174 1709 2261 inpulsum
1732 2175 1798 2238 lieri
1823 2175 1920 2238 lenio-

748 2281 832 2338 rem,
855 2267 892 2324 ut
914 2260 993 2326 circa
1012 2270 1143 2340 terram,
1169 2283 1248 2347 quae
1269 2263 1377 2327 ultima
1398 2260 1597 2346 sphaerarum
1619 2267 1681 2337 est,
1709 2266 1773 2324 tam
1795 2281 1920 2324 concre-

747 2352 800 2410 tus
823 2353 889 2411 tam
915 2346 1029 2413 denaus
1051 2346 1216 2425 habeatur,
1244 2356 1280 2412 ut
1301 2367 1391 2412 causa
1412 2347 1452 2410 sit
1477 2353 1578 2409 terrac
1607 2345 1638 2408 in
1662 2365 1724 2409 una
1746 2345 1819 2409 sede
1839 2367 1919 2409 sem·

749 2451 805 2517 per
825 2429 987 2510 haerendi,
1021 2433 1132 2498 necin
1161 2433 1332 2519 quamlibet
1356 2440 1474 2517 partem
1499 2430 1697 2516 permittatur
1721 2431 1839 2496 moveri
1865 2431 1920 2495 ob·

750 2536 833 2580 sessa
855 2516 994 2602 undique
1014 2517 1190 2583 circumfusi
1211 2518 1337 2603 spiritus
1357 2517 1522 2583 densitate:
1546 2516 1576 2579 in
1597 2515 1725 2600 spbaera
1747 2525 1850 2580 cutem
1874 2517 1921 2581 ul·

749 2599 861 2665 timum
880 2601 982 2697 locum
1004 2623 1071 2668 esse
1099 2604 1153 2690 qui
1175 2603 1295 2670 medius
1317 2611 1365 2669 est
1390 2601 1643 2669 antecedentibus
1669 2601 1729 2668 iam
1755 2602 1921 2690 probatum

817 2783 887 2837 ιι...
905 2785 1133 2852 censentem]

751 2873 834 2919 cento
852 2876 882 2921 et
900 2872 1013 2924 excitato
1031 2871 1098 2924 1111.
1118 2901 1152 2913 -
1169 2881 1200 2926 ot
1217 2874 1382 2926 extremitate
1399 2874 1413 2925 f
1431 2879 1500 2935 (om.
1517 2874 1577 2936 iah
1596 2873 1639 2924 ltu
1656 2880 1732 2938 (cup.
1746 2871 1809 2924 edd.
1824 2871 1876 2934 in).
1889 2900 1923 2912 -

752 2935 865 2988 etenim
882 2947 991 3006 propter
1007 2956 1033 2991 v.
1050 2967 1086 2980 -·
1099 2951 1165 3008 p'ene
1181 2943 1290 2994 ultimus
1308 2942 1451 2994 ΒιιΒιιι.
1472 2971 1500 2982 -
1520 2949 1635 3010 aptctne
1649 2948 1724 3007 (sup.
1743 2946 1770 2999 r)
1788 2940 1820 2991 B.

751 3006 778 3054 b.
812 3005 933 3070 instantia
956 3009 997 3059 ori
1019 3006 1208 3061 esttecum.
1260 3011 1382 3077 inflantis
1402 3012 1465 3062 orie
1492 3009 1588 3062 CFRl.
1638 3011 1679 3061 eri
1700 3010 1820 3074 inflantia
1845 3008 1923 3059 i-bP.

751 3071 865 3136 inflatio
882 3075 922 3125 ori
940 3079 982 3128 vl.
1022 3077 1061 3129 eri
1078 3078 1190 3144 inflatio
1208 3081 1250 3129 rit.
1273 3103 1308 3117 -
1336 3080 1446 3131 termino
1461 3080 1589 3146 proximis
1610 3076 1633 3127 B
1652 3077 1707 3140 (Rl
1726 3092 1743 3127 e
1762 3095 1789 3144 p.
1810 3081 1860 3136 m.)
1880 3077 1925 3126 Re

751 3139 913 3206 v-gnPttul
936 3143 975 3205 (0
999 3162 1059 3210 sup.
1083 3145 1145 3197 add.
1171 3147 1306 3215 longiore)
1330 3146 1484 3198 Pcflreun.
1509 3147 1564 3207 (Et
1587 3161 1676 3197 asco.
1698 3150 1760 3205 m.].
1812 3146 1924 3196 termino

753 3208 908 3278 longiore
925 3214 979 3274 (Bl
997 3229 1015 3265 a
1033 3230 1089 3265 rec.
1109 3219 1160 3274 ιιι.)
1178 3215 1258 3265 usur
1278 3216 1364 3275 (Ena
1383 3233 1408 3282 p.
1426 3220 1487 3274 m).
1520 3216 1631 3267 termino
1646 3216 1766 3283 positia
1785 3211 1833 3263 Pa.
1871 3221 1925 3265 ter·

753 3277 824 3329 nino
842 3278 994 3351 longiore
1007 3284 1127 3351 poeitie
1151 3282 1319 3335 CFSa-szl.
1354 3283 1549 3349 „Explicende
1571 3284 1641 3334 becc
1666 3282 1837 3333 remittimur
1856 3296 1925 3332 euc-

754 3345 892 3399 torieuor
926 3365 1016 3417 neque
1036 3350 1109 3402 anim
1129 3351 1271 3412 videmur,
1303 3350 1350 3418 qni
1370 3351 1486 3402 tolerari
1505 3350 1624 3417 poreint.
1656 3349 1791 3417 fregimus
1810 3348 1927 3408 interim

754 3429 818 3465 cum
838 3415 938 3483 primi·
957 3418 1168 3485 exemplaribus
1190 3427 1215 3472 ct
1236 3422 1347 3472 termino
1366 3420 1524 3487 proximiw‘
1551 3419 1637 3469 Gron.
1688 3418 1796 3484 „Recte
1817 3418 1928 3469 indicet

754 3482 944 3537 Gronorina.“
966 3486 1066 3550 zeum,
1092 3487 1139 3555 qui
1159 3494 1252 3539 temen
1271 3494 1418 3553 utromque
1437 3486 1584 3538 lectionem
1603 3487 1678 3537 inter
1695 3504 1726 3537 ee
1746 3484 1926 3537 conciliatdm

754 3555 782 3601 et
801 3552 962 3617 copulatam
982 3561 1062 3619 putat
1079 3572 1178 3621 perere
1196 3572 1280 3623 porse
1297 3556 1408 3607 foetum·
1422 3554 1497 3605 bend
1516 3554 1673 3606 infelicem:
1693 3563 1719 3608 ct
1735 3554 1845 3606 termino
1861 3571 1927 3621 pro-

752 3618 1099 3753 ra,
1194 3630 1257 3743 :a
1271 3622 1710 3751 r„¹‘'¹“t³⁰t.-¹t·a⁶⁰¹?tt
1737 3623 1927 3750 rnna-¹²

754 3756 788 3811 π)
805 3751 863 3804 Gh·
909 3751 914 3756 ’
1014 3760 1040 3808 6.
1075 3765 1100 3809 et
1114 3766 1144 3811 nt
1162 3708 1307 3811 idmenoum
1326 3709 1396 3821 'dodi
1413 3708 1456 3819 tei
1473 3757 1503 3810 0.
1539 3767 1564 3811 et
1581 3708 1736 3810 termenando?
1752 3707 1926 3818 (omioni)

755 3819 789 3871 0.
823 3828 853 3871 ert
870 3822 1081 3875 ictinmcneoar
1099 3824 1120 3875 1.
1143 3854 1178 3866 -
1192 3829 1361 3893 sortiereet
1380 3827 1413 3877 B.
1442 3854 1468 3864 -
1493 3827 1582 3879 eltirm
1596 3844 1645 3893 pro
1663 3832 1731 3886 (om.
1749 3831 1787 3886 et)
1807 3842 1867 3888 c-g.
1891 3852 1925 3865 -

697 3921 701 3928 .
754 3887 1098 3942 iemedd.eacc.m.0.
1250 3900 1276 3946 τ.
1311 3896 1600 3976 epiritne(aup.tern)
1619 3894 1649 3944 G.
1670 3922 1697 3932 —
1718 3902 1816 3960 poento
1836 3894 1928 3945 BSR2

754 3954 906 4036 rl’fdtbll
931 3973 947 4009 e
970 3976 998 4025 p.
1016 3964 1067 4019 m.)
1092 3959 1193 4010 flante
1228 3962 1381 4023 „Raetrtue
1404 3971 1502 4031 quanto
1581 3970 1664 4014 tento.
1699 3962 1854 4027 Quodnon
1878 3977 1924 4012 cu·

754 4028 864 4141 pientes
882 4042 971 4093 nuper
988 4033 1167 4079 mutarerunt
1185 4029 1282 4080 codem
1302 4047 1371 4082 auen
1397 4048 1451 4097 qno
1470 4030 1555 4083 etiam
1575 4030 1654 4082 Orid.
1675 4030 1742 4081 Met.
1762 4030 1842 4090 Vlll,
1865 4032 1927 4081 749.

779 4094 898 4146 ortensi·
915 4094 1001 4148 etiem
1018 4094 1073 4147 boc
1091 4104 1173 4162 pacto
1190 4099 1375 4167 corrigendus
1393 4099 1554 4151 Macrobioe
1571 4098 1600 4149 lr.
1620 4098 1668 4149 lib.
1687 4116 1701 4148 c
1729 4102 1740 4148 l
1761 4098 1784 4162 [i
1795 4098 1860 4163 221,
1879 4097 1929 4149 ubi

753 4161 856 4230 vulgo:
874 4172 1012 4231 punctum
1027 4165 1157 4218 dictent.“
1177 4163 1262 4219 Gron.
1297 4167 1415 4234 qnando
1433 4167 1487 4218 llll.
1523 4174 1658 4233 guantum
1677 4165 1928 4218 cruri-nmmo

755 4230 809 4290 <ut
827 4246 842 4282 a
860 4248 917 4283 ecc.
934 4239 986 4294 ιιι.)
1005 4233 1116 4283 uetita.
1143 4262 1178 4274 -
1203 4236 1308 4303 origine
1325 4241 1394 4295 (orn.
1412 4236 1459 4295 nb)
1476 4235 1526 4285 tte.
1554 4263 1589 4273 -
1616 4242 1692 4288 tanto
1710 4233 1927 4300 ecutae-guo

678 4308 680 4312 ’
754 4298 1120 4364 Ptonraanttessm.Ta.b.
1167 4301 1291 4372 ,‚Recte,
1320 4303 1368 4353 aed
1390 4302 1414 4353 al
1434 4301 1587 4353 mutareris
1610 4309 1746 4369 qnantum
1770 4301 1798 4352 in
1818 4308 1928 4366 quante,

755 4365 798 4416 uti
820 4366 962 4419 Gronovio
987 4369 1109 4433 placet.“
1139 4368 1225 4421 Zeun.
1269 4378 1384 4421 tanturn
1409 4369 1572 4421 s-nrst’ul.
1597 4398 1632 4409 -
1660 4371 1792 4421 leviorem
1814 4368 1869 4421 CF.
1893 4397 1928 4409 --

756 4435 930 4498 quodcirca
949 4447 1008 4501 c-g.
1035 4462 1062 4472 -
1092 4443 1284 4504 eet-operarent
1302 4437 1332 4488 C.
1354 4467 1388 4477 -
1410 4445 1513 4490 ettam
1533 4437 1816 4489 deneoeFBanBerr.
1842 4464 1870 4474 -
1897 4444 1929 4490 ret
1965 4479 1967 4484 .

755 4500 790 4552 eit
807 4516 890 4557 onere
908 4500 939 4554 ff.
974 4519 1058 4555 canan
1073 4505 1108 4557 eit
1124 4510 1192 4567 (om.
1211 4511 1255 4567 ut)
1275 4523 1301 4558 ι.
1320 4533 1355 4547 -
1372 4506 1596 4573 antecedentibne]
1615 4504 1658 4559 ct.
1678 4505 1701 4570 l,
1717 4509 1761 4570 22,
1778 4508 1804 4559 4.

787 4683 814 4761 β.
851 4684 884 4737 de
911 4687 1067 4757 longinqeie
1096 4698 1185 4743 nutem
1210 4697 1235 4743 et
1261 4698 1315 4744 ter-
1366 4690 1451 4743 Ζιιιιιι.
1472 4720 1505 4731 —·
1526 4691 1586 4741 Vid.
1605 4705 1703 4758 appar.
1721 4689 1785 4741 erit.
1803 4692 1831 4741 ct
1848 4688 1928 4741 Mur-

755 4764 826 4800 nuno
848 4757 985 4823 proairnir]
1017 4758 1060 4809 ct.
1083 4757 1111 4823 1,
1138 4764 1187 4822 ut,
1214 4761 1239 4809 b.
1268 4759 1315 4827 qni
1365 4760 1433 4812 tien.
1453 4760 1507 4825 nt,
1525 4760 1539 4827 ᾗ
1558 4761 1618 4811 eto.

755 4833 855 4898 commo
878 4826 985 4889 propior
1008 4835 1053 4879 eet.
1093 4827 1253 4889 ‚Jerminne
1275 4826 1314 4878 ei·

755 4884 872 4950 gnificat
894 4888 941 4941 hic
965 4897 1120 4944 extremam
1140 4893 1228 4945 tibiae
1250 4909 1315 4960 par·

755 4960 825 5013 tem,
862 4957 964 5025 origini
988 4977 1053 5012 enne
1082 4959 1180 5025 [immo
1208 4960 1315 5029 origini

756 5020 886 5086 epiritna,
922 5027 958 5077 cf.
977 5027 990 5093 ᾗ
1009 5027 1061 5093 o.],
1097 5026 1116 5077 i.
1136 5044 1160 5078 e.
1185 5028 1211 5078 ei
1229 5030 1315 5096 porti,

754 5106 825 5154 quac
841 5091 884 5143 ori
901 5093 1027 5146 inflantia
1044 5095 1212 5162 applicetur,
1228 5113 1315 5164 oppo-

755 5158 849 5212 sitam.
884 5162 977 5230 Igitur
997 5179 1052 5215 uon
1076 5162 1133 5215 nisi
1159 5179 1231 5215 unns
1258 5172 1316 5217 ter-

755 5228 847 5284 minus
864 5248 927 5285 eene
944 5237 1051 5299 potent,
1070 5238 1099 5284 et
1114 5232 1242 5286 terminer
1257 5235 1315 5286 lon-

643 5329 701 5399 ·
753 5298 817 5364 gtor
847 5309 891 5355 cat
924 5302 1035 5356 alienor
1065 5301 1101 5355 eb
1133 5300 1188 5354 boc
1222 5302 1315 5356 loco.“

1398 4864 1425 4911 t.
1468 4867 1568 4928 poento
1603 4896 1628 4912 ..
1663 4859 1784 4911 deorsum
1817 4857 1928 4926 recedit]

1366 4929 1457 4994 Quum
1487 4928 1583 4979 nullus
1613 4925 1689 4979 adsit
1717 4925 1929 4992 comparativus

1366 4995 1513 5049 dicendum
1531 5001 1592 5047 erat
1606 5004 1755 5065 qnantum,
1773 4994 1822 5045 aed
1840 4993 1929 5046 ctiam

1366 5072 1479 5131 poento,
1506 5065 1577 5130 quod
1597 5062 1704 5130 legitur
1722 5064 1750 5114 in
1769 5062 1848 5114 codd.
1868 5061 1930 5127 plo-

1365 5132 1475 5198 riaque,
1512 5130 1580 5183 ferri
1610 5138 1736 5197 ponent·
1761 5130 1822 5183 vid.
1855 5145 1929 5194 quae

1365 5199 1509 5322 popgguit
1523 5199 1581 5319 bR‘
1598 5200 1729 5320 lfrrarrrpnp1
1730 5197 1786 5317 ⁰0in
1817 5196 1928 5266 ltetnig.

1378 5283 1416 5323 u.
1455 5284 1522 5335 punc
1545 5283 1696 5322 ursone.
1766 5300 1774 5319 .
