5092 6425
664 842 729 910 ΧΠ
1180 866 1374 911 assarum.

664 1013 749 1079 dium
772 1013 985 1099 complectitur
1005 1034 1113 1080 omnes
1134 1015 1284 1080 editiones
1303 1036 1322 1080 a
1344 1034 1394 1080 me
1420 1032 1576 1091 excussas,
1608 1012 1639 1077 id
1660 1020 1707 1077 est
1728 1033 1886 1098 quaecun-

664 1136 725 1201 que
746 1124 841 1181 artem
864 1116 1000 1182 criticam
1020 1116 1172 1182 exercenti
1197 1116 1326 1182 alicuius
1352 1122 1424 1181 sunt
1446 1114 1603 1180 momenti.
1646 1114 1766 1180 Eodem
1789 1115 1885 1182 modo

663 1217 695 1281 in
723 1216 845 1282 sinistra
876 1218 981 1302 quavis
1006 1218 1128 1304 pagina,
1161 1227 1198 1284 ut
1223 1240 1262 1284 ne
1293 1219 1422 1284 dubium
1452 1224 1544 1295 esset,
1579 1236 1711 1301 quorum
1741 1218 1885 1284 codicum

662 1319 844 1384 auctoritate
869 1319 1018 1386 niteretur
1040 1321 1190 1407 scriptura
1216 1342 1235 1385 a
1261 1341 1311 1385 mc
1336 1327 1471 1407 recepta,
1505 1317 1644 1384 omnium
1667 1318 1809 1384 codicum
1833 1342 1883 1386 ac-

662 1428 767 1486 curate
789 1422 969 1487 collatorum
994 1423 1084 1508 posui
1117 1423 1202 1508 signa
1232 1421 1406 1509 praeposito
1431 1420 1518 1498 Mac,
1555 1420 1638 1506 quod
1666 1421 1885 1506 compendium

661 1522 812 1606 significat
831 1524 863 1588 in
883 1523 951 1609 ipso
974 1533 1122 1611 apparatu
1142 1523 1248 1589 critico
1270 1545 1377 1589 omncs
1399 1543 1491 1608 supra
1514 1529 1637 1587 notatos
1657 1522 1792 1602 codices,
1824 1524 1885 1590 nisi

662 1623 786 1691 additur
805 1625 926 1710 signum
948 1626 977 1712 („
991 1628 1034 1714 ⁶⁴),
1057 1624 1155 1711 quod,
1180 1625 1358 1712 ubicunque
1377 1646 1440 1689 non
1460 1623 1583 1688 additur
1603 1645 1716 1688 nomen
1739 1625 1805 1689 eius
1827 1626 1882 1711 qui

661 1746 735 1791 suos
754 1727 875 1793 codices
897 1749 990 1794 manu
1012 1728 1141 1814 scriptos
1165 1728 1217 1793 illo
1240 1727 1423 1813 compendio
1444 1726 1607 1803 notaverit,
1628 1725 1779 1811 significat
1796 1712 1895 1792 cadi-¹

661 1849 712 1893 ces
731 1828 877 1913 Anglicos
899 1850 917 1894 a
940 1829 1096 1896 Gronovio
1118 1831 1253 1908 collatos,
1273 1829 1443 1916 dequibus
1464 1827 1524 1893 vid.
1544 1826 1711 1913 prolegom.
1731 1849 1761 1913 p.
1784 1850 1884 1893 xxxix.
1912 1830 1914 1835 ’

659 1931 696 1993 ln
714 1930 872 1996 codicibus
892 1932 1105 1997 enumerandis
1123 1931 1239 2016 ubique
1260 1931 1392 1996 eundem
1411 1929 1527 1995 servavi
1547 1929 1685 1994 ordinem
1707 1950 1771 2014 quo
1793 1929 1881 2015 signs

660 2052 767 2097 eorum
790 2032 890 2119 posita
913 2042 984 2099 sunt
1006 2054 1098 2119 supra
1121 2041 1315 2119 apparatum,
1341 2041 1434 2118 atque
1456 2031 1545 2115 posui
1568 2030 1692 2116 quidem
1716 2051 1734 2095 a
1757 2053 1807 2096 mc
1829 2053 1881 2096 ex·

659 2153 766 2198 cussos
789 2142 861 2198 ante
886 2156 1030 2201 excussos
1058 2137 1097 2200 ab
1124 2136 1204 2200 aliis:
1243 2135 1298 2200 sed
1327 2142 1398 2199 ante
1428 2133 1577 2199 editiones
1608 2134 1730 2198 nonnisi
1758 2133 1881 2199 codices

658 2243 799 2300 accurate
821 2236 947 2300 collatos
969 2257 1022 2301 eos
1041 2258 1173 2322 quorum
1196 2237 1287 2302 lectio
1309 2237 1421 2301 diserte
1443 2242 1523 2300 esset
1543 2242 1677 2313 enotata,
1699 2256 1752 2300 eos
1774 2243 1881 2300 contm

596 2358 603 2371 ·
658 2357 675 2400 e
699 2335 811 2421 quibus
835 2337 908 2402 nihil
935 2346 1016 2404 esset
1041 2346 1198 2403 enotatum
1227 2360 1297 2403 cum
1321 2338 1423 2403 minus
1446 2344 1587 2401 accurate
1610 2336 1726 2401 collatis
1747 2337 1793 2401 vel
1817 2337 1878 2401 sin-

658 2437 737 2521 gulis
757 2441 971 2504 tantummodo
992 2440 1067 2505 locis
1086 2440 1229 2525 inspectis
1250 2439 1366 2504 subieci
1388 2437 1586 2513 editionibus,
1618 2446 1655 2501 ut
1678 2438 1798 2522 signum
1825 2459 1878 2502 co-

658 2538 733 2603 dicis
758 2549 899 2604 accurate
924 2541 1026 2604 collati
1051 2549 1122 2628 post
1148 2540 1298 2605 editiones
1323 2540 1458 2625 positum
1484 2559 1547 2602 non
1572 2538 1631 2601 nisi
1656 2539 1783 2604 tacitum
1811 2539 1878 2604 eius

657 2659 841 2704 consensum
866 2659 937 2705 cum
966 2640 1100 2707 editione
1127 2662 1259 2728 quacum
1287 2642 1327 2706 sit
1352 2641 1480 2706 collatus
1506 2638 1655 2724 significet
1680 2642 1717 2727 ⁷).
1763 2641 1878 2706 Omnia

656 2748 759 2807 autem
781 2741 866 2826 signa
884 2741 1058 2807 referuntur
1079 2743 1118 2808 ad
1139 2764 1175 2808 ea
1194 2763 1275 2828 quae
1292 2742 1486 2819 antecedunt,
1507 2742 1589 2807 nulla
1609 2741 1704 2807 adea
1725 2764 1805 2828 quae
1827 2763 1875 2806 se-

657 2851 802 2929 quuntur.
848 2844 1009 2930 Quidquid
1028 2844 1202 2910 addendum
1223 2851 1290 2910 erat
1310 2844 1394 2930 quod
1414 2844 1453 2908 ad
1477 2845 1613 2929 singulos
1638 2845 1759 2909 codices
1783 2843 1877 2928 perti-

657 2954 756 3024 neret,
789 2967 859 3011 cum
879 2945 990 3011 horum
1013 2946 1106 3032 signis
1126 2946 1214 3012 uncis
1236 2946 1354 3012 inclusi.
1398 2947 1501 3012 Verba
1520 2967 1556 3012 ea
1578 2967 1658 3032 quae
1679 2947 1711 3010 in
1730 2945 1878 3010 omtionis

656 3055 833 3112 contextum
857 3047 959 3134 recepi
982 3069 1044 3113 non
1072 3048 1104 3113 in
1126 3056 1274 3135 apparatu
1300 3049 1406 3114 critico
1430 3048 1519 3134 posui
1545 3048 1627 3134 (inde
1650 3069 1668 3112 a
1689 3048 1758 3113 libri
1779 3049 1804 3111 1.
1826 3068 1876 3112 ca·

655 3148 719 3235 pita
737 3149 788 3216 21.
812 3157 908 3227 cene,
933 3169 1005 3214 nam
1026 3150 1058 3214 in
1079 3150 1329 3217 antecedentibus
1349 3151 1499 3237 capitibus
1521 3151 1664 3217 omnibus
1684 3170 1780 3236 paene
1800 3149 1876 3214 locis

655 3252 687 3317 id
710 3251 777 3330 leci,
795 3252 849 3317 ubi
872 3271 890 3317 a
911 3252 1042 3317 lectione
1063 3253 1184 3338 vulgata
1206 3252 1281 3317 mihi
1301 3254 1455 3319 videretur
1475 3274 1544 3317 esse
1564 3252 1794 3338 recedendum),
1816 3251 1876 3315 nisi

654 3362 709 3420 aut
727 3354 848 3420 codices
869 3353 1047 3419 nominandi
1069 3364 1170 3420 essent
1191 3355 1318 3440 singulis
1340 3362 1459 3419 tantum
1484 3355 1559 3421 locis
1582 3354 1724 3440 inspecti,
1748 3361 1802 3417 aut
1821 3353 1874 3417 ad-

655 3456 755 3522 denda
780 3464 861 3521 esset
886 3456 1044 3521 adnotatio
1070 3458 1229 3542 quaedam.
1277 3459 1354 3523 Nam
1380 3457 1517 3543 priorum
1543 3457 1695 3522 editorum
1722 3463 1753 3519 ct
1777 3453 1875 3519 Modii

653 3557 834 3642 Bnrtbiiquc
857 3556 1070 3621 adnotationes
1094 3578 1173 3642 quae
1197 3559 1235 3622 de
1261 3558 1474 3623 emendatione
1501 3558 1561 3623 loci
1587 3558 1715 3622 alicuius
1740 3563 1874 3640 agerent,

654 3656 773 3723 etiamsi
794 3677 845 3721 eas
867 3657 1081 3741 improbarem,
1100 3659 1259 3742 apparatui
1278 3660 1383 3722 critico
1404 3658 1579 3723 inserendas
1599 3679 1666 3723 esse
1685 3659 1798 3743 putavi,
1819 3658 1873 3722 sed

655 3758 849 3845 paucioribus
874 3778 965 3842 saepe
991 3757 1105 3835 verbis,
1133 3766 1170 3822 ut
1198 3760 1297 3843 spatio
1323 3760 1527 3825 consulerem:
1566 3766 1753 3844 quapropter
1779 3759 1871 3824 etiam

654 3861 747 3946 signis
762 3860 844 3924 nulla
865 3859 1033 3943 interposui
1048 3866 1170 3943 puncta,
1185 3860 1244 3924 nisi
1264 3861 1320 3926 ubi
1338 3882 1356 3926 e
1376 3860 1515 3945 pluribus
1531 3860 1649 3944 singula
1668 3861 1871 3926 consisterent

578 4044 581 4048 ἵ
654 3963 757 4028 literis.
803 3961 967 4045 Signorum
993 3960 1224 4045 explicationem
1248 3962 1473 4047 prolegomenis
1497 3962 1621 4027 subieci.
1667 3963 1703 4025 ln
1727 3962 1870 4028 Cicero-

653 4065 708 4129 nis
731 4064 877 4129 Somnio
894 4062 1078 4148 Scipionis
1101 4063 1240 4148 acquievi
1262 4064 1294 4128 in
1315 4063 1351 4128 iis
1371 4083 1451 4149 quae
1470 4070 1663 4128 enotaveram
1686 4084 1703 4127 c
1724 4064 1800 4127 meis
1820 4087 1872 4129 co-

653 4167 773 4233 dicibus
798 4174 891 4252 atqua
915 4187 952 4230 ex
979 4164 1164 4231 aditionibus
1186 4165 1349 4231 Macrobii:
1378 4186 1449 4229 nam
1476 4164 1525 4230 hic
1550 4164 1624 4250 quid
1649 4185 1774 4250 quoque
1801 4166 1871 4230 loco

654 4357 744 4366 --›----
748 4357 1060 4365 ——----------.-.--.

723 4462 752 4524 ⁷)
785 4460 833 4509 Sic
861 4475 885 4522 p.
910 4460 953 4509 8⁰.
978 4459 1437 4524 uanas-godancunnmrcm.
1472 4459 1616 4525 significat
1650 4463 1738 4512 verba
1769 4468 1872 4527 patrem

652 4561 707 4611 quc
725 4545 841 4595 intactas·
859 4550 975 4594 enotata
992 4558 1059 4596 esse
1079 4559 1093 4596 e
1114 4546 1258 4595 codicibus
1275 4546 1378 4611 FSRt,
1409 4547 1427 4595 i.
1446 4560 1471 4596 e.
1494 4560 1510 4597 e
1533 4546 1711 4610 Frisingensi
1733 4550 1762 4595 et
1780 4546 1871 4594 Salis-

652 4628 786 4692 burgensi
809 4634 837 4677 et
861 4629 1057 4691 Rebdigerano
1083 4632 1221 4695 secundo,
1254 4632 1304 4681 sed
1332 4632 1399 4680 nibil
1425 4636 1567 4683 enotatum
1594 4645 1660 4681 esse
1684 4644 1700 4679 e
1725 4630 1870 4678 codicibus

653 4713 760 4776 (iliram,
789 4712 807 4761 i.
827 4726 852 4761 s.
872 4725 887 4762 c
904 4713 1004 4763 codice
1026 4715 1189 4765 monasterii
1209 4719 1237 4765 S.
1259 4716 1332 4766 Galli
1354 4720 1382 4765 ct
1401 4730 1417 4765 e
1437 4715 1629 4780 aerolinensi,
1656 4718 1687 4763 ut
1706 4712 1868 4762 consentire

653 4796 800 4846 videantur
818 4810 878 4846 cum
898 4797 1066 4846 editionibus
1083 4798 1245 4859 mribuscum
1265 4800 1362 4849 collati
1380 4804 1458 4862 sunt,
1489 4800 1514 4848 G
1532 4812 1591 4847 cum
1609 4811 1643 4862 g,
1674 4800 1741 4846 Bnn.
1761 4810 1822 4846 cum
1844 4799 1870 4855 b,

651 4879 670 4930 i.
685 4894 710 4929 e.
729 4882 819 4929 codex
837 4884 865 4929 S.
885 4881 958 4930 Galli
980 4894 1040 4929 curn
1061 4880 1183 4930 editione
1201 4883 1380 4946 Gryphiana,
1408 4883 1498 4931 codex
1515 4881 1708 4931 berolinensis
1727 4894 1788 4931 cunr
1809 4882 1870 4929 edi-

652 4964 729 5015 tione
750 4965 905 5025 bipontinc.
940 4966 1086 5014 Accedant
1103 4970 1195 5015 erstem
1213 4969 1374 5031 lincolium,
1397 4965 1461 5028 quis
1479 4965 1549 5014 idem
1568 4977 1587 5013 a
1605 4965 1750 5013 Gronovio
1770 4969 1870 5012 enota-

652 5051 708 5098 turn
726 5053 771 5097 est
791 5060 808 5097 a
828 5049 972 5100 codicibus
989 5047 1132 5111 basileis,
1160 5049 1275 5112 collegii
1294 5049 1435 5099 Benedicti
1455 5053 1484 5097 et
1502 5047 1687 5097 hincolniano
1706 5052 1735 5096 et
1753 5048 1869 5110 collegii

652 5134 681 5181 Ι.
696 5132 861 5196 Trinitatis,
878 5136 907 5182 et
927 5132 983 5196 Ha,
998 5131 1064 5195 quia
1080 5131 1185 5195 iegitur
1199 5133 1283 5183 etiarn
1300 5134 1335 5182 ab
1353 5133 1445 5181 alters
1460 5141 1541 5181 manu
1559 5130 1729 5191 adscriptum
1750 5132 1869 5195 margini

651 5215 784 5267 editionis
801 5216 998 5282 norvagiam
1016 5216 1135 5279 exe-pti
1152 5216 1224 5279 qnod
1242 5219 1289 5267 cst
1306 5217 1335 5269 in
1352 5215 1521 5266 bibliotheca
1538 5213 1682 5265 demensi.
