5092 6425
622 913 681 982 DE
702 912 809 979 DIFF.
825 911 880 978 ΕΤ
902 908 991 977 SOG.
1011 906 1166 977 GRAECI
1188 906 1319 987 Laut).
1339 909 1474 976 VEllBl.
1515 911 1599 979 xlv.
1618 912 1688 980 XV.
1729 913 1793 981 255

622 1086 744 1160 lerunt,
781 1080 884 1167 accipe
905 1075 1054 1164 generalis
1080 1075 1203 1162 regulae
1228 1084 1382 1163 repertam
1410 1079 1637 1146 nenessitatem:
1681 1081 1792 1152 Omnis
1820 1090 1843 1155 5

622 1169 705 1256 apud
732 1169 799 1233 illos
820 1165 919 1252 prima
940 1181 1071 1248 persona
1095 1160 1215 1247 passiva
1237 1182 1317 1247 quae
1343 1161 1443 1228 activo
1469 1185 1526 1230 suo
1554 1165 1669 1263 syllaba
1694 1170 1793 1235 maior

622 1264 672 1322 est
693 1255 769 1319 haee
790 1250 934 1337 syllabam
957 1245 1090 1313 detrahit
1111 1245 1148 1311 de
1169 1246 1319 1324 secunda,
1355 1268 1435 1333 quae
1460 1250 1597 1335 aequalis
1624 1250 1723 1317 activo
1745 1263 1792 1320 est

622 1361 729 1428 parem
750 1346 782 1403 et
800 1337 832 1401 in
854 1332 987 1399 secunda
1008 1339 1107 1397 tenet:
1130 1332 1216 1416 φιλῶ
1238 1332 1407 1415 φιλοῦμαι,
1430 1333 1502 1418 quia
1520 1334 1674 1419 passivum
1693 1338 1792 1404 maius

622 1426 723 1492 activo
746 1429 806 1496 est,
829 1417 1014 1505 amplecte:
1044 1413 1127 1480 ἕλκω
1150 1413 1284 1499 ἕλκομαι
1304 1413 1396 1502 ἕλκη,
1418 1413 1528 1523 ἕλεηον
1550 1417 1704 1504 ἐλεμόμην
1725 1420 1792 1487 ἐλέ-

621 1533 700 1595 gon,
740 1502 845 1589 ἐβόων
872 1499 1021 1587 ἐβούμην
1049 1498 1148 1585 thoni,
1185 1497 1315 1586 λαλήσω
1348 1504 1575 1588 λαληθησομαι
1607 1502 1793 1593 λαληθήση.·

621 1604 729 1662 eontra
751 1593 865 1676 εἴρηκα
884 1589 1030 1672 ε’ίμημαι,
1065 1586 1137 1672 quia
1159 1607 1213 1672 par
1234 1586 1334 1653 activo
1356 1608 1413 1654 suo
1435 1597 1496 1666 est,
1534 1589 1605 1656 lacit
1626 1592 1791 1658 secundam

623 1675 842 1759 ἰσοσύλλαβον
862 1675 989 1761 primae,
1011 1671 1148 1757 ελμησαι,
1171 1668 1313 1757 εἰρήκειν
1333 1669 1469 1758 ελμήμην
1491 1673 1611 1759 elegea,
1633 1674 1792 1762 λελάληκα

621 1763 799 1848 λελάλημαι
823 1754 1011 1842 λελύλησαι,
1054 1751 1256 1839 ἐλελαλήκειν
1290 1754 1487 1843 ἐλελαλήμην
1514 1757 1694 1845 ἐλελύλησο.
1753 1765 1791 1828 ln
1821 1765 1842 1831 6

621 1851 707 1917 omni
736 1847 830 1914 rerho
858 1844 1079 1928 cuiuscumque
1103 1842 1252 1928 temporis
1279 1843 1378 1928 prima
1407 1865 1538 1930 persona
1564 1846 1595 1911 in
1618 1849 1716 1910 MAI
1729 1855 1791 1913 ter·

623 1936 738 2001 minata
759 1930 907 1997 translato
928 1928 1022 1992 Min
1049 1931 1081 1991 T
1103 1927 1222 1992 literam
1252 1929 1364 2014 migrat
1390 1929 1422 1995 in
1446 1931 1568 1997 tertiam
1591 1940 1713 1998 servato
1735 1955 1792 2000 nu·

622 2041 710 2087 mero
730 2016 930 2104 syllabarum:
969 2013 1023 2079 sed
1046 2012 1264 2099 paenultimam
1287 2014 1400 2080 retinet
1421 2015 1454 2080 in
1473 2013 1700 2103 παρακειμένῳ
1723 2018 1791 2103 qui·

622 2107 693 2171 dem
722 2123 814 2168 omne
841 2100 985 2179 verbum,
1021 2097 1198 2182 πεφλλημαι
1226 2097 1416 2184 πεφλληταιε
1457 2099 1490 2164 in
1518 2102 1670 2185 praesenti
1695 2119 1831 2187 ver0[ara

623 2191 688 2258 sola
710 2189 800 2255 tertia
827 2183 961 2267 συζυγία
987 2178 1259 2282 περισπωμένων,
1294 2184 1477 2268 χροσοῦμαι
1502 2187 1689 2269 χρυσοῦται.
1733 2185 1791 2253 Ce-
1820 2119 1840 2252 d

623 2286 724 2343 terum
746 2273 844 2359 prima
865 2268 1011 2335 transfert
1032 2290 1063 2332 m
1084 2270 1140 2332 ΕΙ
1155 2267 1398 2354 diphthongum,
1426 2290 1505 2355 quae
1529 2269 1560 2334 in
1585 2271 1683 2357 prima
1704 2271 1790 2338 rerhi

622 2360 775 2448 positione
796 2357 897 2422 luerat
920 2355 987 2419 eius
1007 2352 1170 2430 indicium,
1190 2355 1354 2437 καλοῦμαι
1374 2357 1535 2434 καλεῖται,
1555 2351 1606 2420 ὅτι
1624 2357 1713 2421 καλοῦ
1734 2379 1790 2421 κα-

623 2451 706 2523 teia:
727 2442 859 2511 secunda
882 2440 913 2504 in
933 2443 965 2502 Α
983 2447 1110 2525 propter
1131 2438 1259 2504 eandem
1282 2460 1404 2505 eausam
1423 2441 1564 2525 τιμῶμαι
1580 2441 1720 2525 τιμᾶται,
1739 2438 1790 2507 ὅτι

621 2533 724 2620 τιμᾷς.
767 2531 846 2597 Nam
873 2534 905 2590 ot
930 2525 1108 2609 χροσοῦται
1134 2523 1204 2589 ideo
1231 2523 1361 2591 retinuit
1392 2526 1466 2606 ΟΥ,
1508 2525 1580 2612 quia
1614 2527 1789 2614 propinqua

622 2617 717 2705 priori
739 2623 800 2680 est:
827 2619 959 2696 utraque
980 2610 1063 2676 enim
1088 2608 1297 2696 diphthongus
1322 2611 1376 2674 ΟΙ
1393 2617 1425 2676 et
1451 2612 1513 2676 ΟΥ
1536 2633 1591 2698 per
1617 2614 1645 2677 0
1669 2612 1788 2678 literam

620 2708 847 2788 conponuntur.
890 2698 1045 2761 Futurum
1076 2702 1181 2761 autem
1210 2691 1467 2780 περισπωμένων
1504 2706 1536 2763 et
1566 2699 1599 2763 in
1631 2697 1789 2783 berytonis
1819 2697 1840 2765 8

620 2797 683 2855 tam
710 2806 856 2872 praesens
884 2803 976 2868 quam
1005 2781 1143 2847 futurum
1176 2782 1203 2845 0
1232 2781 1368 2859 literam,
1404 2802 1484 2867 quae
1516 2782 1575 2848 luit
1602 2783 1790 2868 paenultima

645 2874 749 2948 rimae,
771 2890 828 2956 per
850 2868 972 2933 tertiam
997 2866 1029 2931 in
1050 2869 1083 2931 E
1104 2864 1257 2944 transfert,
1279 2874 1315 2933 ut
1335 2867 1483 2932 naturalis
1504 2867 1605 2934 brevis
1626 2868 1659 2933 in
1680 2876 1790 2935 natura

621 2895 762 3033 Brevem,
784 2948 1008 3036 φιληθήσομαι
1026 2947 1256 3036 φιληθήσεται,
1275 2947 1407 3035 λέγομαι
1429 2947 1569 3036 λέγεται,
1591 2949 1789 3036 λεχθήσομαι

621 3037 817 3123 λεχθήσεται.
859 3037 1090 3120 Cuiuscumque
1113 3036 1197 3102 verbi
1218 3036 1330 3120 passivi
1351 3037 1399 3101 vel
1421 3037 1542 3122 passive
1562 3038 1669 3104 similis
1692 3037 1788 3123 prima
1817 3038 1839 3104 9

621 3145 753 3212 persona
774 3121 901 3209 pluralis
921 3121 954 3184 in
975 3139 1172 3204 quocumque
1194 3127 1334 3204 tempore
1356 3119 1388 3184 in
1412 3123 1473 3184 ΘΑ
1492 3120 1638 3207 syllabam
1666 3121 1788 3201 desinit,

620 3207 788 3293 νοούμεθα
827 3201 1026 3288 ἐνοούμεθα,
1063 3199 1247 3287 νενοήμεθα
1286 3200 1497 3289 ἐνενοήμεθα,
1538 3203 1788 3291 νοηθησόμεθαε

620 3294 775 3382 ἀόριστον
799 3292 898 3369 enim,
937 3291 991 3376 qui
1013 3289 1097 3355 solus
1119 3289 1152 3355 in
1174 3289 1288 3354 ΜΕΝ
1301 3289 1379 3367 exit,
1418 3286 1613 3375 ἐνοήθημεν,
1654 3299 1787 3370 transeo,

621 3385 693 3471 quia
725 3379 827 3446 Latini
857 3377 1009 3462 ignorant
1060 3375 1121 3439 Per
1153 3373 1257 3440 emnia
1285 3382 1423 3461 tempora
1459 3376 1590 3463 primam
1623 3376 1838 3463 personam10

642 3467 770 3535 luralem
792 3463 939 3529 maiorem
960 3458 1121 3545 proferunt
1149 3459 1312 3545 singulari,
1345 3461 1429 3525 ποιῶ
1452 3463 1623 3544 ποιοῦμεν,
1652 3460 1787 3527 ἐποίουν

620 3492 809 3635 ύποιοῦμεν,
846 3546 1007 3630 πεποίηκα
1034 3539 1267 3629 πεποιήκαμεν,
1304 3541 1507 3631 ἐπεποιήκειν
1536 3544 1786 3633 ἐπεποιήκειμεν,

619 3634 745 3724 ποιήσω
764 3631 957 3718 ποιήσομενε
983 3632 1027 3696 sie
1048 3638 1080 3697 et
1100 3632 1257 3714 ποιοῦμαι
1276 3625 1474 3714 ποιούμεθα,
1501 3630 1678 3718 ἐποιούμην
1698 3630 1785 3699 ἕποι-

619 3721 760 3807 ούμεθα,
779 3719 954 3802 πεποίημαι
975 3711 1192 3801 πεποιήμεθα,
1213 3712 1410 3801 ἐπεποιήμην
1431 3714 1667 3802 ἐπεποιήμεθα,
1693 3739 1786 3802 ποιη·

617 3806 761 3895 θήσομαι
778 3798 1034 3889 ποιηθησόμιθα.
1078 3802 1128 3869 sie
1148 3809 1180 3868 ot
1198 3801 1281 3889 apud
1297 3803 1432 3882 Latinos,
1451 3827 1518 3869 ονιο
1536 3827 1680 3884 emamus,
1701 3827 1785 3870 omo·
1797 3805 1831 3868 ll

618 3897 684 3962 hem
706 3894 893 3969 ονιαύονιιιο,
915 3890 1016 3955 ameni
1035 3890 1212 3967 οιαοοῦωνι,
1239 3910 1411 3955 amoverem
1433 3912 1654 3970 amoveremus,
1680 3891 1785 3957 amolo

1531 4028 1615 4089 [aaa.
1635 4028 1718 4094 paen.

718 4118 743 4164 5.
781 4108 1015 4163 ΕΔΕῙὈΜΕΝ
1030 4108 1060 4160 l'.
1077 4137 1112 4147 -
1130 4107 1347 4162 ΕΒΟΩΜΕΝ
1359 4110 1390 4162 P.
1407 4139 1443 4148 —
1459 4119 1551 4163 contre
1571 4109 1736 4162 ΕΙΡΗΚΩ
1753 4110 1784 4162 Ρ.

718 4184 742 4231 8.
777 4181 990 4246 μοιίομοιαιιιωτ
1006 4175 1108 4226 Eddl’.
1264 4180 1304 4228 10.
1336 4180 1505 4243 praeferunt
1526 4178 1602 4241 [ιθ-1).
1639 4177 1725 4227 Ζοοιι.
1742 4177 1785 4229 ri-

621 4248 827 4312 ditlegemlum
847 4260 910 4295 esse
929 4245 1076 4311 proferunt.
1112 4240 1155 4292 (ll.
1177 4241 1205 4308 §d
1228 4244 1245 4292 4
1266 4248 1296 4295 et
1318 4247 1359 4297 le.
1382 4272 1416 4282 -
1440 4238 1602 4309 ποιήσωμεν
1621 4242 1723 4296 henr.
1750 4272 1784 4283 -

619 4312 866 4368 ΕΠΟΙΟΥΜΛΙ
885 4310 916 4361 Ρ.

650 4438 675 4486 4.
709 4429 897 4498 necessitatem]
917 4428 960 4479 Cl.
979 4428 1132 4493 ο.8,513.
1225 4431 1355 4499 syllohom
1373 4429 1463 4496 possit
1484 4429 1621 4498 suppleri.
1654 4430 1698 4483 Cf.
1716 4448 1740 4484 n.
1755 4435 1782 4495 4,

651 4506 677 4553 5.
712 4502 776 4552 liaeo
796 4499 924 4564 syllabam
945 4495 1059 4548 detrahit
1079 4497 1112 4547 de
1134 4512 1175 4547 re·
1225 4501 1282 4565 §2
1309 4516 1367 4550 enm
1391 4500 1420 4549 r'rr
1443 4499 1530 4550 αιλίοο
1556 4515 1656 4565 μονον
1681 4501 1783 4565 syllo-

616 4569 714 4635 eunde]
737 4566 864 4619 effendit
881 4581 924 4615 me
942 4579 1091 4630 pronomen
1111 4563 1175 4615 isaeo
1225 4569 1283 4619 har
1298 4574 1411 4633 utraque
1430 4583 1544 4634 persona
1563 4568 1712 4620 τοιοαοοιίλ.

616 4642 680 4706 post
699 4637 784 4688 verba
807 4633 897 4684 Omnis
914 4667 938 4683 ..
957 4631 1045 4697 primu
1061 4646 1175 4697 persone
1259 4639 1284 4685 8.
1319 4640 1350 4685 ul
1370 4634 1505 4685 naturalis
1525 4633 1610 4685 brevis
1632 4634 1660 4686 ι’τι
1683 4642 1782 4687 nature

613 4706 732 4773 passiva.
766 4700 892 4753 Facilius
916 4697 1048 4764 procedet
1073 4697 1174 4761 aretin,
1224 4701 1337 4767 breuem]
1357 4700 1509 4752 Dicendum
1526 4706 1663 4753 ernanum
1685 4709 1782 4755 urm.

615 4773 640 4825 si
657 4770 805 4838 scripseris
820 4769 899 4819 hano
912 4765 1049 4833 syllabam,
1063 4781 1102 4816 σοι
1117 4780 1173 4831 (11¹⁸
1224 4769 1363 4822 ruraliter
1380 4769 1492 4820 brevem
1510 4784 1550 4818 se.
1568 4767 1694 4832 literam,
1717 4778 1779 4822 unt:

614 4841 707 4893 satiro
730 4855 780 4919 sup
805 4835 896 4888 maier
921 4840 964 4885 est
992 4831 1082 4898 prims
1107 4849 1172 4914 pnr-
1222 4844 1252 4889 ut
1269 4837 1442 4889 naturaliter
1460 4837 1544 4887 brevia
1560 4844 1675 4890 mutetur
1697 4838 1781 4903 (ολδ

613 4919 828 5028 ύύύιαπιῖλιωῦῦγεῖύ
855 4902 942 5022 5:1¹5:
943 4899 1173 5035 ᾛούᾟιύὶιίύέῖ
1223 4908 1290 5021 183..
1316 4970 1388 5021 nerlii
1401 4970 1504 5038 passini
1521 4970 1564 5021 vel
1582 4972 1691 5039 puerine
1707 4971 1781 5021 sirni-

613 5042 643 5094 in
661 5042 808 5094 lormsnds
826 5053 944 5107 persona
964 5035 1116 5087 secunde.“
1221 5037 1265 5103 lis]
1283 5036 1467 5089 Viennam
1486 5054 1509 5088 e.
1524 5043 1551 5099 5,
1568 5037 1583 5103 ς
1603 5043 1644 5089 19.

646 5116 793 5243 μοητέὴηη
808 5108 836 5159 irs
857 5105 976 5226 {troppis
998 5103 1079 5223 λαηητι]
1094 5102 1172 5223 'Spera
1222 5107 1289 5240 ⁵513
1311 5103 1369 5172 ΘΑ]
1399 5105 1501 5157 immo:
1527 5106 1556 5157 ιἰι
1580 5103 1701 5156 Mser.
1735 5102 1779 5154 (ll.

612 5191 662 5227 sus
702 5191 719 5228 e
837 5191 854 5226 n
883 5191 942 5226 rne
969 5190 978 5224 ι
1050 5188 1063 5222 r
1099 5189 1131 5223 ar
1290 5207 1297 5224 .

613 5242 777 5310 syllahm
790 5213 943 5305 domn,
976 5188 1058 5304 lieet,
1078 5188 1116 5292 ¹'sl
1135 5237 1169 5290 sd
1255 5248 1370 5304 transeo,
1388 5241 1452 5309 quia
1469 5238 1561 5310 Latini
1576 5235 1715 5307 ignorant]
1734 5235 1778 5288 (ll.
1894 5251 1925 5308 0

581 5355 592 5374 .
612 5310 677 5378 lpse
704 5307 793 5363 verbs
820 5313 995 5377 spontane,
1030 5323 1085 5362 non
1115 5304 1172 5360 nisi
1222 5324 1246 5360 ε.
1263 5313 1291 5373 ’1,
1309 5305 1324 5373 fi
1341 5311 1367 5359 t.
1677 5308 1680 5312 ’
