5092 6425
705 905 749 972 dl
1189 897 1398 970 Maeuouu
1488 942 1493 953 ,

706 1074 770 1141 ritu
791 1080 894 1140 autem
912 1078 944 1137 et
963 1072 1041 1149 cibo,
1063 1070 1176 1157 quibus
1197 1067 1391 1156 accipiendis,
1410 1074 1448 1134 ut
1465 1066 1596 1133 relatum
1620 1074 1677 1149 est,
1696 1075 1792 1155 atqua
1812 1069 1880 1135 red-

707 1157 815 1225 dendis
849 1159 987 1223 membra
1039 1177 1097 1222 uae
1130 1155 1264 1221 diximus
1299 1175 1370 1221 cum
1404 1154 1557 1219 meatibus
1583 1152 1880 1223 sibiadiacentibns

706 1244 908 1321 obsecuntur,
932 1243 991 1308 hoc
1012 1264 1031 1308 o
1054 1249 1208 1307 serratum
1229 1247 1291 1317 est,
1340 1238 1403 1304 uod
1422 1239 1490 1305 sine
1511 1238 1626 1306 liaustu
1645 1239 1776 1326 spiritus
1796 1241 1879 1307 ultra

656 1328 799 1400 laboras
818 1337 952 1414 septem,
976 1328 1043 1393 sina
1063 1328 1132 1392 cibo
1153 1327 1235 1392 ultra
1255 1261 1386 1391 totidem
1407 1323 1489 1402 dics,
1514 1325 1577 1390 rita
1597 1345 1659 1390 nou
1681 1325 1784 1391 durat
1828 1325 1880 1392 So

704 1421 789 1502 ptem
810 1435 935 1501 quoquc
954 1421 1027 1479 sunt
1048 1412 1160 1498 gradus
1183 1411 1215 1476 in
1237 1431 1367 1498 corpore
1387 1410 1441 1496 qui
1460 1408 1684 1476 dimensionem
1706 1409 1879 1477 altitudinis

705 1499 745 1565 ab
765 1499 828 1565 imo
850 1500 882 1563 in
904 1521 940 1565 su
963 1498 1097 1564 arlicicm
1118 1497 1277 1582 conplent,
1312 1495 1447 1563 medulla
1468 1516 1505 1561 os
1527 1515 1641 1561 nerrus
1662 1515 1742 1563 rana
1764 1496 1878 1562 meria

656 1586 777 1654 80caro
797 1585 886 1650 cutis.
959 1604 1013 1648 aec
1030 1582 1069 1648 da
1088 1581 1296 1648 interioribus.
1338 1583 1375 1647 ln
1393 1588 1502 1667 aperto
1521 1601 1646 1668 quoque
1667 1588 1788 1668 septem
1806 1589 1880 1648 sunt

707 1669 845 1756 corporis
874 1677 992 1753 partes,
1032 1675 1125 1753 caput
1153 1676 1259 1754 pectus
1294 1687 1405 1732 manus
1434 1665 1592 1753 pedesque
1623 1674 1656 1732 ct
1687 1665 1879 1752 pudendum.

656 1757 791 1838 [tultam
818 1774 897 1840 quae
923 1751 1104 1819 dividuntur
1128 1773 1190 1818 non
1219 1753 1278 1818 nisi
1306 1760 1425 1838 septem
1452 1752 1640 1838 conpagibus
1664 1751 1771 1818 iuncta
1789 1760 1878 1818 sunt:

686 1840 791 1905 utin
813 1837 955 1903 manibus
977 1846 1025 1903 est
1048 1837 1197 1904 humarus
1223 1837 1384 1904 brachium
1413 1837 1535 1903 cubitus
1563 1837 1633 1904 vola
1656 1844 1690 1903 et
1709 1837 1877 1923 digitorum

706 1923 780 1988 nodi
798 1923 893 2001 terni,
932 1923 964 1988 in
988 1923 1213 2008 pedibusvero
1236 1924 1337 1988 lemur
1355 1943 1439 2008 genu
1456 1922 1532 1989 tibia
1554 1942 1609 2009 pes
1628 1922 1709 2008 ipse,
1737 1921 1797 1988 sub
1816 1944 1878 2010 quo

656 2015 696 2084 81
707 2009 776 2075 rola
793 2015 849 2086 est,
866 2016 898 2073 et
914 2008 1079 2094 digitorum
1099 2007 1241 2074 similiter
1256 2009 1329 2075 nodi
1347 2007 1437 2074 tarni.
1478 2009 1522 2075 Et
1538 2007 1610 2095 quia
1628 2028 1738 2074 sensus
1754 2028 1878 2074 eorum·

751 2094 959 2160 eministaria
979 2103 1088 2160 natura
1110 2095 1142 2159 in
1167 2095 1266 2180 capite
1289 2093 1426 2162 velutin
1451 2114 1522 2159 aroc
1549 2092 1723 2170 constituit,
1759 2100 1878 2177 septem

718 2178 909 2246 oraminibus
934 2201 1082 2246 sensuum
1107 2181 1303 2246 celebrantur
1326 2179 1443 2257 officia,
1483 2178 1514 2243 id
1541 2187 1590 2244 est
1614 2178 1677 2243 oris
1703 2199 1739 2244 ac
1766 2178 1878 2244 deindo

706 2266 867 2332 oculorum
890 2265 1010 2330 narium
1031 2277 1062 2331 ct
1081 2266 1202 2332 aurium
1223 2265 1320 2331 binis:
1344 2264 1428 2330 unde
1449 2285 1513 2329 non
1533 2264 1678 2329 inmerito
1697 2263 1749 2329 hic
1769 2285 1878 2329 nume-

707 2372 771 2429 rus,
792 2351 887 2416 totius
907 2349 1039 2416 fabricae
1060 2351 1252 2436 dispensator
1274 2359 1307 2416 et
1320 2350 1481 2426 dominus,
1502 2349 1601 2434 aegris
1623 2369 1749 2435 quoque
1770 2371 1877 2435 corpo·

708 2436 795 2502 ribus
828 2436 998 2521 pericnlum
1026 2437 1227 2501 sanitatemve
1258 2435 1429 2501 denuntiat.
1477 2436 1576 2500 lmmo
1604 2434 1674 2498 ideo
1701 2442 1733 2499 et
1759 2443 1877 2522 septem

707 2519 844 2585 motibus
865 2541 957 2584 omna
978 2541 1089 2605 corpus
1109 2521 1257 2605 agitatur:
1279 2529 1334 2586 aut
1352 2521 1435 2585 enim
1453 2519 1586 2585 accessio
1604 2527 1652 2584 est
1671 2527 1725 2585 aut
1745 2520 1877 2585 recessio

708 2611 763 2669 aut
784 2603 817 2668 in
840 2604 956 2669 laevam
979 2603 1156 2670 dextramve
1179 2605 1310 2671 dellexio
1337 2614 1392 2671 aut
1413 2625 1535 2671 sursum
1563 2604 1633 2691 quis
1654 2625 1711 2669 seu
1732 2603 1877 2670 deorsum

657 2693 852 2760 82moretur
873 2688 980 2753 autin
1006 2688 1113 2753 orbem
1134 2698 1263 2756 rotatur.
1310 2692 1373 2756 Tot
1397 2690 1563 2756 virtutibus
1589 2689 1753 2774 insignitus
1778 2698 1876 2789 septa

709 2771 824 2849 narius,
842 2793 919 2856 quas
940 2773 988 2837 vel
1008 2773 1047 2838 de
1066 2774 1205 2858 partibus
1225 2774 1291 2841 suis
1307 2783 1468 2841 mutuatur
1486 2776 1534 2841 rel
1552 2782 1637 2840 totus
1657 2781 1791 2852 exercet,
1810 2797 1878 2842 rure
1962 2790 1963 2803 ¹

710 2857 819 2943 plenus
840 2865 872 2921 et
892 2855 1024 2923 habetur
1050 2866 1082 2923 et
1107 2859 1227 2925 dicitur.
1269 2861 1312 2925 Et
1333 2860 1490 2937 absoluta,
1519 2868 1556 2926 ut
1577 2859 1725 2937 arbitror,
1757 2860 1878 2926 ratione

709 2946 771 3007 iam
792 2942 946 3021 constitit,
975 2964 1030 3008 cur
1049 2943 1177 3010 diversis
1200 2967 1238 3011 cx
1258 2945 1358 3011 causis
1380 2953 1451 3010 octo
1474 2953 1506 3011 et
1525 2952 1642 3031 septem
1663 2943 1746 3030 pleni
1767 2966 1877 3012 rocen-

658 3029 699 3098 83
709 3035 770 3094 tur.
818 3027 934 3093 Sensus
956 3036 1060 3094 autem
1080 3027 1130 3094 hic
1157 3038 1218 3096 est:
1261 3030 1341 3097 Cum
1362 3039 1447 3096 aetas
1464 3038 1518 3095 tua
1540 3029 1829 3117 qoinquagesimum
1848 3040 1881 3098 et

709 3120 830 3178 sextum
852 3134 967 3179 annum
985 3114 1183 3200 conpleverit,
1225 3137 1283 3185 uae
1303 3137 1424 3181 summa
1444 3115 1499 3180 tibi
1517 3115 1616 3180 latalis
1636 3116 1703 3192 crit,
1723 3136 1794 3200 spes
1811 3117 1878 3203 qui-

707 3196 778 3265 dem
800 3198 907 3265 salutis
930 3199 1069 3285 publicae
1091 3208 1122 3267 tc
1145 3137 1270 3281 viudin,
1291 3209 1322 3267 et
1343 3223 1400 3287 pro
1419 3200 1563 3267 remediis
1584 3200 1757 3267 communis
1780 3201 1876 3269 bono·

706 3306 776 3351 rum
802 3286 942 3352 omnium
971 3294 1069 3352 status
1095 3287 1261 3354 virtutibus
1286 3287 1349 3353 tuis
1375 3287 1526 3353 dictatura
1555 3286 1733 3364 debebitur,
1773 3287 1828 3354 sed
1850 3288 1875 3354 si

707 3372 840 3439 eraseris
869 3371 996 3438 insidias
1025 3373 1279 3460 propinquorum.
1327 3374 1406 3439 Nam
1441 3393 1496 3460 par
1529 3384 1662 3459 septenam
1690 3372 1780 3438 octies
1808 3374 1879 3439 salai

707 3460 871 3542 amfractus
892 3458 1062 3556 reditusque
1082 3458 1306 3544 quinquaginta
1324 3466 1357 3523 et
1382 3479 1436 3523 sex
1457 3457 1607 3541 siguificat
1627 3477 1740 3534 annos,
1766 3462 1878 3607 aspra·

707 3551 786 3607 ctum
804 3543 874 3607 solia
894 3554 921 3607 et
940 3541 1069 3607 reditum
1098 3563 1214 3608 annum
1240 3562 1367 3610 vocans:
1406 3544 1582 3628 amfractum
1607 3549 1735 3627 propter
1761 3564 1798 3609 zo
1821 3544 1878 3609 iaci

707 3624 868 3774 ampittpm,
886 3625 1024 3702 reditum,
1041 3626 1114 3711 quia
1133 3627 1241 3693 eadem
1261 3628 1347 3713 signa
1366 3648 1421 3714 per
1437 3648 1535 3693 annos
1554 3626 1693 3715 singulos
1710 3635 1795 3694 certa
1811 3629 1878 3715 lega

707 3728 782 3774 mer
819 3729 845 3773 r.
1438 3727 1440 3732 ·

775 3858 845 3912 llas.
865 3857 1133 3925 susurrandum]

707 3943 867 3997 [diffluum.
1019 3950 1063 3998 78.
1098 3946 1284 4000 dementibus
1305 3963 1329 4000 r.
1364 3950 1584 4002 commaculatus
1601 3948 1675 4001 usn.
1692 3974 1726 3988 —
1744 3958 1879 4004 amantum

707 4019 783 4080 (sup.
801 4014 864 4067 add.
882 4012 927 4073 ab)
945 4012 997 4064 118.
1013 4041 1046 4051 -
1064 4014 1121 4066 siue
1137 4014 1193 4067 cili
1210 4032 1265 4067 su.
1299 4016 1357 4067 ciac
1374 4020 1443 4077 (orn.
1458 4018 1523 4080 cito,
1539 4018 1591 4068 rel.
1609 4017 1679 4082 lac.)
1697 4016 1748 4067 Rl.
1764 4044 1798 4057 —
1816 4020 1879 4084 „ul-

706 4088 750 4134 tra
765 4081 874 4135 totidem
892 4082 949 4133 dics
966 4080 1094 4134 Bauffa.
1113 4083 1219 4134 addunt
1237 4084 1447 4136 metentatiaoe“
1463 4086 1536 4151 quod
1553 4084 1665 4137 vidntur
1702 4084 1825 4137 ertincre
1842 4085 1880 4138 ad

706 4149 764 4203 cili.
917 4155 960 4202 79.
994 4158 1171 4219 suntquoquc
1186 4151 1450 4204 Rleias-bPBurs.
1601 4157 1645 4202 80.
1680 4103 1878 4206 draebiassmr.

706 4243 740 4258 -
756 4218 826 4271 terni
842 4218 907 4271 nodi
930 4217 1096 4271 cb-bPBuu.
1118 4246 1153 4257 -
1176 4220 1241 4272 nodi
1257 4221 1326 4271 terni
1342 4220 1464 4272 similiter
1484 4218 1549 4286 cleg.
1583 4220 1649 4271 nodi
1666 4222 1735 4272 terni
1751 4223 1822 4287 (orn.
1840 4223 1879 4280 si-

706 4286 819 4346 miracu)
840 4285 874 4338 Β.
1027 4290 1071 4337 81.
1110 4295 1207 4353 septem
1225 4289 1339 4351 foribus
1361 4287 1412 4337 lli.
1434 4315 1467 4325 -
1490 4288 1664 4354 auriumquc
1686 4288 1716 4339 F.
1738 4314 1771 4327 -
1797 4291 1879 4341 totius

706 4353 809 4405 om.l’.
831 4380 857 4391 -
877 4353 1325 4407 nuntiatR2.—immoetideo
1344 4355 1395 4405 ur.
1429 4354 1765 4407 immooeroideoetS·
1799 4358 1878 4410 immo

706 4427 732 4471 at
750 4426 846 4485 raptem
863 4420 975 4470 motibus
991 4420 1050 4472 idea
1069 4421 1100 4471 F.
1118 4447 1152 4461 -
1174 4423 1314 4474 accensio
1330 4422 1403 4473 Bra.
1426 4450 1451 4460 -
1472 4430 1531 4474 aut
1550 4424 1670 4474 demeum
1689 4423 1725 4473 G.

705 4488 750 4536 88.
784 4484 900 4536 constitit
918 4488 987 4547 (om.
1003 4488 1072 4554 ium)
1086 4488 1137 4540 111.
1172 4490 1227 4541 iam
1244 4490 1380 4542 consistit
1397 4488 1420 4539 F
1438 4490 1496 4550 (118
1513 4505 1575 4555 sup.
1592 4490 1635 4541 uel
1652 4489 1793 4550 constitit).

707 4556 751 4603 88.
786 4552 952 4618 compleuerat
970 4559 1045 4621 (sup.
1064 4556 1099 4616 u)
1117 4555 1151 4606 B.
1168 4583 1204 4596 --
1219 4574 1323 4610 summu
1341 4558 1470 4625 quidem
1482 4558 1584 4624 fatalia
1603 4558 1655 4609 lu.
1677 4584 1704 4596 ·-
1725 4573 1785 4626 sper
1801 4557 1878 4611 ralu-

705 4618 741 4671 tia
759 4619 864 4686 quidem
882 4620 933 4671 112.
950 4648 982 4659 -
1003 4623 1102 4677 uidebit
1120 4631 1146 4677 tc
1163 4622 1215 4674 Rl.

704 4750 735 4802 lr.
752 4766 777 4801 a.
795 4753 990 4821 oeaeplrngm,
1014 4760 1091 4808 recle
1106 4756 1267 4824 principium
1322 4758 1414 4823 Quod
1432 4766 1520 4811 autem
1537 4760 1653 4812 Alcacus
1667 4765 1748 4827 pocta
1766 4758 1835 4812 dicit
1852 4765 1878 4811 ct

703 4819 886 4871 intestinarum
902 4829 1032 4885 vocatur,
1060 4824 1085 4889 si
1104 4823 1267 4875 descendisa
1316 4827 1401 4893 uulgo
1419 4828 1534 4878 canitur.

704 4886 746 4937 ita
764 4886 864 4949 ctiam,
891 4886 916 4937 si
933 4890 1086 4940 ascendere
1105 4891 1197 4952 lubet,
1221 4908 1267 4943 rc·
1351 4884 1408 4944 81.’
1429 4910 1520 4945 seusus
1604 4901 1704 4947 maturo
1729 4893 1758 4945 in
1779 4893 1876 4960 capitc,
1971 4951 1972 4963 p

706 4959 780 5005 ctum
799 4954 875 5005 istud
891 4956 1014 5022 princeps
1032 4973 1080 5006 sen
1097 4959 1266 5023 principuum
1315 4961 1388 5012 uelut
1402 4960 1431 5011 in
1447 4978 1522 5023 arce,
1540 4962 1684 5030 coustituit]
1706 4962 1792 5012 Gran.
1812 4978 1878 5012 corr-
1971 4967 1973 5031 l

704 5022 888 5073 intestinorum
904 5022 1018 5073 omnium
1033 5022 1088 5074 dici
1103 5030 1194 5089 potest
1207 5041 1266 5076 mc·
1316 5027 1386 5078 fert:
1405 5028 1527 5091 „Midan
1537 5030 1598 5082 Fel.
1617 5031 1652 5096 [c.
1668 5028 1718 5096 lu]
1732 5045 1822 5080 omnes
1835 5066 1841 5079 .
1853 5064 1876 5079 ..
1972 5057 1975 5120 p

705 5088 791 5140 ritc.“
809 5089 895 5142 Zrun.
931 5089 1062 5142 Ceterum
1078 5092 1151 5143 conf.
1170 5107 1267 5160 appar.
1316 5111 1409 5146 seusam
1438 5097 1529 5150 uelut
1558 5101 1593 5150 ia
1627 5114 1702 5149 arce
1731 5096 1877 5163 compositi.

705 5155 771 5219 crit,
790 5164 818 5208 et
831 5156 964 5209 observes
982 5157 1184 5212 uonrinativum
1202 5177 1267 5226 pro·
1317 5160 1407 5212 Solio.
1426 5161 1454 5214 in
1474 5166 1563 5230 prael.
1588 5166 1663 5217 Sicut
1742 5172 1805 5215 aute
1822 5180 1877 5215 om-

704 5223 826 5276 uominis
843 5227 914 5294 quod
930 5243 963 5277 cx
982 5226 1140 5279 accusativo
1158 5225 1268 5279 intelli·
1317 5229 1365 5281 aia
1384 5231 1512 5299 effigiant
1533 5234 1640 5286 modum
1659 5231 1797 5298 capitis,
1830 5247 1877 5282 acc

615 5331 666 5399 ι
704 5292 838 5362 padum.
874 5293 954 5348 cont.
977 5293 1037 5350 Sat.
1061 5295 1126 5363 l'll,
1152 5297 1197 5361 15,
1224 5299 1265 5348 18.
1316 5298 1346 5351 iu
1370 5298 1428 5350 alta
1448 5299 1563 5354 membru
1583 5301 1660 5369 priua
1679 5299 1766 5353 bacas
1793 5298 1876 5353 desti-
1974 5323 1987 5500 p
