5092 6425
732 907 869 978 COMM.
890 909 936 978 IN
958 907 1085 977 SOMN.
1106 906 1205 974 SCIP.
1249 908 1323 972 LlB.
1341 908 1380 973 ll.
1424 908 1725 978 csP.x111.x1v.
1771 911 1832 981 189

662 1092 823 1146 ostreatum
843 1101 905 1144 noo
924 1090 981 1144 est:
1009 1079 1104 1164 ipt'tttr
1124 1080 1228 1142 anima
1246 1090 1320 1143 nata
1340 1101 1403 1144 noo
1425 1090 1473 1145 est.
1517 1081 1623 1145 Tertio
1644 1081 1725 1146 loco:
1756 1083 1831 1148 nnt-

660 1190 711 1231 ma
730 1179 803 1231 nata
824 1186 886 1230 non
907 1176 964 1229 est:
992 1164 1072 1262 qood
1088 1175 1193 1229 natant
1212 1187 1276 1231 oon
1296 1177 1338 1228 est
1357 1167 1514 1231 inmortale
1533 1179 1591 1231 est:
1614 1169 1709 1251 a'qitor
1729 1169 1832 1232 anima

660 1253 829 1317 mmortales
851 1261 898 1314 est.
946 1249 1008 1313 Alii
1036 1270 1109 1314 vero
1132 1271 1256 1336 omnem
1286 1251 1550 1316 ratiocinationem
1575 1274 1660 1318 suam
1684 1252 1716 1316 in
1738 1253 1881 1318 uniusffl

662 1337 828 1423 syllogismi
850 1335 1065 1420 compendium
1088 1334 1288 1419 redegerunt:
1328 1338 1439 1400 Anemo
1461 1361 1499 1401 coo
1519 1361 1549 1402 se
1569 1350 1719 1404 movetur:
1752 1341 1832 1425 qood

662 1448 700 1488 ea
721 1446 752 1487 sc
774 1433 907 1486 movetur
931 1422 1120 1570 prtncp'pium
1145 1433 1241 1486 motas
1263 1432 1320 1485 est:
1355 1423 1435 1507 qood
1450 1424 1644 1510 principium
1669 1436 1765 1488 motas
1791 1437 1831 1489 est

659 1521 764 1574 natam
783 1529 846 1571 noo
867 1518 922 1570 est:
956 1528 1013 1593 quo
1056 1518 1159 1571 natam
1180 1528 1243 1572 ooo
1268 1518 1310 1571 est
1332 1509 1489 1572 inmortale
1517 1522 1574 1574 est:
1607 1511 1703 1596 ipitar
1727 1511 1830 1574 anima

659 1593 827 1659 inmortales
848 1603 895 1655 est.

744 1679 828 1742 xlv.
873 1674 933 1740 Sed
954 1675 1064 1740 harum
1083 1675 1222 1740 omnium
1243 1676 1512 1742 ratiocinationum
1534 1676 1615 1763 apud
1635 1701 1707 1745 eum
1729 1686 1831 1765 potest
1861 1685 1877 1748 l

659 1772 816 1850 postrema
836 1761 991 1827 conclusio
1015 1760 1053 1824 de
1071 1761 1192 1826 animae
1210 1762 1430 1828 inmortalitate
1451 1770 1601 1842 constare,
1623 1766 1677 1849 qui
1700 1766 1829 1851 primam

659 1848 919 1935 propositionem,
958 1846 988 1910 id
1011 1853 1117 1910 estex
1139 1869 1171 1911 sc
1194 1849 1311 1913 moveri
1333 1849 1483 1924 animam,
1518 1870 1581 1913 nun
1606 1849 1731 1914 refellit:
1773 1849 1830 1914 hac

660 1935 743 1999 enim
764 1934 794 1997 in
816 1931 875 1996 fide
893 1952 956 1995 non
974 1941 1096 2016 recepta
1118 1931 1229 1997 debilia
1250 1933 1330 2000 fiunt
1348 1935 1452 2000 omnia
1472 1954 1552 2019 quae
1572 1942 1727 2001 secuntur.
1770 1935 1830 2000 Sed
1859 1940 1881 2004 2

659 2020 732 2085 huic
754 2018 927 2083 Stoicorum
953 2016 1078 2102 quidem
1100 2018 1216 2083 accedit
1237 2019 1395 2086 adsensio:
1432 2018 1616 2084 Aristoteles
1638 2041 1711 2086 vero
1731 2021 1881 2108 adcanto]

660 2127 723 2170 non
744 2103 927 2189 adquiescit,
954 2111 990 2166 ut
1011 2103 1146 2167 animam
1169 2105 1354 2169 nouaclum
1376 2127 1414 2170 ex
1438 2126 1471 2169 sa
1493 2125 1556 2169 non
1576 2106 1693 2170 moveri
1715 2106 1768 2170 sed
1790 2127 1830 2170 ne

660 2191 776 2256 moveri
799 2188 924 2274 quidem
949 2187 1071 2273 penitus
1092 2195 1222 2253 conetur
1244 2189 1394 2255 adserere.
1437 2192 1483 2255 lta
1501 2190 1583 2254 enim
1605 2191 1721 2255 callidis
1740 2211 1830 2275 argu·

659 2275 901 2342 mentationibus
922 2275 1033 2338 astruit
1060 2273 1137 2338 nihil
1165 2295 1202 2338 ex
1222 2295 1255 2339 sc
1278 2277 1410 2352 moveri,
1444 2283 1497 2352 ut,
1533 2283 1565 2339 et
1583 2275 1609 2339 si
1632 2275 1747 2361 aliquid
1771 2276 1830 2340 hoc

660 2362 759 2426 lacere
777 2359 934 2438 concedat,
954 2359 1087 2424 animam
1109 2367 1213 2425 tamen
1235 2358 1376 2426 huonon
1399 2380 1466 2426 esse
1484 2360 1654 2425 confirmet
1696 2361 1736 2427 Si
1751 2363 1831 2427 enim
1858 2365 1879 2429 3

659 2450 775 2523 onemo,
802 2445 917 2530 inquit,
967 2447 1131 2532 conceptam
1151 2456 1247 2510 motas
1269 2458 1323 2523 est,
1346 2448 1433 2513 doceo
1454 2467 1516 2511 non
1532 2468 1622 2533 posse
1637 2448 1831 2534 principiam

658 2546 754 2598 motas
780 2531 899 2596 moveri.
940 2468 984 2595 dt
1009 2530 1052 2594 ita
1081 2530 1264 2595 divisionem
1290 2553 1363 2597 suae
1392 2531 1465 2597 artis
1493 2531 1679 2615 ingreditur,
1711 2540 1747 2597 ut
1767 2533 1829 2617 pri-

659 2640 745 2684 mum
768 2618 875 2682 doceat
895 2616 926 2681 in
950 2636 1054 2680 rerum
1077 2624 1186 2681 natura
1208 2638 1276 2682 csse
1302 2618 1417 2704 aliquid
1439 2616 1603 2695 inmobile,
1638 2616 1748 2682 deinde
1769 2618 1829 2682 hoc

659 2726 725 2770 esse
747 2705 881 2769 animam
902 2709 1034 2792 temptet
1054 2703 1226 2768 ostendere.
1277 2705 1397 2773 Necesse
1419 2714 1473 2782 est,
1508 2703 1626 2790 inquit,
1655 2715 1710 2768 ant
1728 2705 1830 2770 omnio
1858 2705 1880 2769 4

1450 2893 1534 2956 [Edd.
1553 2891 1760 2961 vicuhgapdnlr.

660 2973 766 3040 carpsit
783 2973 855 3024 hacc
874 2971 1015 3024 acerbior
1049 2976 1152 3038 Anima,
1166 2993 1198 3028 aa
1213 2994 1241 3031 ec
1259 2985 1378 3031 movetur
1400 2994 1489 3044 usqua
1509 2978 1543 3028 ad
1562 2977 1647 3028 linem
1665 2976 1776 3043 capitia.
1796 3005 1831 3015 —

659 3045 750 3095 anima
766 3042 927 3108 principium
945 3049 983 3093 cst
1000 3051 1087 3094 motae
1104 3044 1153 3094 ttr.
1174 3069 1205 3082 -
1226 3046 1297 3112 qnod
1316 3053 1421 3096 antem
1438 3052 1530 3097 natam
1547 3063 1599 3096 non
1617 3053 1656 3098 eet
1674 3045 1725 3095 Μ.
1761 3045 1831 3112 quod

660 3117 766 3162 autem
786 3126 838 3158 aron
862 3116 899 3158 cet
916 3115 1009 3159 natum
1032 3108 1063 3161 F.
1098 3111 1168 3177 quod
1184 3120 1291 3163 autom
1310 3121 1403 3166 natam
1423 3117 1633 3173 (ammoneat)
1656 3111 1728 3162 Bra.

659 3182 700 3229 12.
736 3177 939 3229 rationationem
956 3181 1031 3241 (cup.
1050 3177 1087 3237 ci)
1106 3178 1158 3229 Rl.
1186 3205 1215 3216 -
1243 3180 1374 3248 redegere
1390 3196 1451 3247 v-g.
1475 3205 1511 3217 -
1537 3180 1606 3245 qnod
1625 3187 1732 3231 autom
1753 3195 1784 3231 ex
1801 3194 1830 3231 aa

658 3244 769 3296 usam
796 3273 830 3281 —
852 3244 921 3310 qaod
943 3251 1048 3294 autem
1064 3246 1225 3313 principiam
1243 3245 1375 3315 osv-go.
1394 3275 1428 3287 -
1453 3247 1522 3314 quod
1541 3253 1648 3298 uatem
1666 3254 1760 3298 natam
1775 3264 1829 3298 non

659 3322 698 3366 cet
716 3312 747 3361 F.
784 3313 854 3377 qaod
872 3318 976 3361 antem
993 3329 1046 3363 non
1064 3320 1156 3363 natam
1173 3322 1211 3366 cst
1236 3314 1268 3365 B.

726 3379 796 3429 XIV.
837 3380 923 3444 Caput
943 3377 1017 3428 XW.
1056 3381 1156 3444 Quibus
1169 3381 1480 3434 rationituaArictoteles
1494 3388 1585 3433 contra
1600 3380 1736 3432 Platonem
1754 3396 1829 3431 mon-

658 3456 743 3499 straro
760 3447 887 3509 valuerit,
907 3445 1025 3495 animum
1042 3464 1060 3497 a
1076 3464 1103 3498 ec
1120 3449 1179 3514 ipsa
1196 3450 1295 3501 moneri
1310 3468 1363 3501 non
1379 3466 1464 3516 posse.
1490 3448 1569 3499 clu-b.
1724 3437 1753 3500 l,
1781 3465 1827 3499 ra-

658 3516 864 3567 ciocinationenr
881 3513 938 3563 BP.
982 3514 1214 3566 rationationem
1233 3518 1283 3567 Rl.
1328 3520 1474 3568 rationum
1493 3531 1519 3566 a.
1547 3545 1580 3555 ·-
1607 3522 1726 3567 constare
1742 3524 1828 3583 potest

658 3585 748 3645 (inira
767 3599 821 3632 om.
840 3585 972 3639 constare)
991 3580 1020 3631 F.
1050 3610 1085 3619 —
1113 3591 1245 3650 postrema
1262 3592 1348 3654 potest
1368 3585 1418 3635 R2.
1464 3592 1550 3653 potest
1568 3592 1693 3637 extrema
1712 3583 1766 3634 Ta.
1793 3613 1825 3622 -

657 3653 708 3703 dac
730 3658 838 3702 autem
863 3649 913 3698 Re.
941 3676 973 3685 -
995 3650 1056 3714 fide
1078 3655 1146 3710 (om.
1164 3652 1207 3711 in)
1231 3651 1262 3703 F.
1415 3655 1440 3701 2.
1479 3653 1533 3703 Sed
1554 3653 1615 3704 lanio
1638 3657 1714 3716 (sup.
1737 3652 1827 3711 irinc)

658 3734 782 3787 qaoque
801 3718 850 3766 Ru.
876 3746 910 3753 -
934 3716 1037 3782 quidem
1056 3719 1194 3771 stoicorum
1213 3721 1263 3771 ttr.
1291 3747 1317 3758 -
1346 3720 1458 3771 accidit
1474 3718 1549 3787 th.
1575 3746 1608 3758 -
1636 3735 1667 3769 en
1685 3735 1712 3769 se
1730 3720 1828 3771 moveri

657 3795 726 3847 (om.
745 3791 810 3844 non)
829 3785 880 3835 Rl.
903 3811 936 3822 -
958 3793 992 3838 nt
1008 3786 1090 3837 nichil
1109 3787 1179 3847 (dcl.
1197 3794 1241 3849 ut)
1261 3789 1311 3839 Rl.
1330 3816 1363 3828 -
1386 3789 1479 3839 etiam
1497 3790 1521 3840 oi
1538 3788 1641 3855 aliquid
1659 3786 1692 3837 Ρ.
1727 3788 1755 3838 ei
1775 3788 1828 3839 aii-

657 3852 967 3921 qnidtom.ct)lBau.
1003 3861 1028 3906 ct
1045 3855 1069 3905 ei
1085 3856 1257 3922 aotam
1273 3855 1345 3908 015⁶
1380 3856 1488 3919 ctiam,
1506 3856 1626 3923 siquid
1644 3854 1828 3906 Edd-iroc

657 3940 780 3975 essenon
799 3923 925 3988 affirmet
951 3920 1002 3973 Rl.
1154 3926 1179 3975 4.
1215 3925 1366 3993 inpuidcet
1385 3924 1437 3975 R2.
1483 3931 1521 3978 cst
1539 3923 1828 3992 inquitatistotilca

692 4086 767 4150 XIV,
786 4092 811 4138 2.
848 4086 1012 4154 Aristoteles]
1036 4088 1066 4138 Α.
1085 4088 1218 4141 Statorius
1266 4089 1299 4144 τὸ
1315 4089 1354 4159 μὴ
1370 4087 1558 4157 κινούμενον.“
1574 4089 1707 4141 Porum-
1724 4088 1773 4140 Sic
1791 4090 1827 4141 ab

657 4154 686 4205 in
700 4155 772 4206 libro
787 4155 834 4220 qrri
847 4155 1000 4219 inecriptns
1011 4162 1054 4206 cst
1065 4157 1219 4209 Aristotelea
1267 4160 1334 4211 aliie
1362 4158 1499 4224 distingui
1527 4151 1560 4206 cd
1588 4152 1712 4222 ἔμψυχον
1740 4163 1768 4208 ct
1792 4151 1826 4207 τὸ

657 4224 767 4273 beiden
789 4224 914 4273 Roemern
938 4222 1217 4288 p.187.aitplcra-
1266 4221 1378 4293 ἄψυχον
1417 4231 1554 4276 memorat
1588 4224 1754 4273 Aristotelea
1791 4224 1827 4274 da

657 4306 725 4356 que,
761 4305 832 4369 qpaa
855 4289 1085 4369 proterantur-tin
1113 4291 1167 4342 lroc
1189 4296 1218 4344 ci
1268 4291 1550 4376 animul,23init.;
1572 4290 1666 4373 sedin
1687 4290 1826 4373 principio

657 4357 1217 4492 tetecum,retroactum
1266 4365 1441 4493 tectam
1456 4354 1826 4494 tuamet-‘tta

656 4492 705 4558 qui
732 4499 797 4543 suut
822 4493 856 4542 da
879 4492 962 4541 rebus
986 4494 1162 4545 naturalibus
1188 4500 1217 4544 et
1267 4494 1302 4549 od
1326 4491 1413 4561 μόνον
1435 4490 1540 4560 ψεῦδός
1561 4490 1617 4545 ἐστι
1643 4489 1676 4545 τὸ
1698 4489 1749 4561 τὴν
1777 4490 1824 4546 ori-

657 4562 691 4611 dc
713 4561 815 4612 aniona.
851 4559 977 4610 Plurima
1000 4574 1066 4609 eane
1089 4560 1216 4614 invenias
1267 4565 1330 4617 σίαν
1348 4557 1434 4628 αὐτῆς
1448 4557 1578 4626 τοιαύτην
1595 4557 1673 4618 εἶναι,
1690 4561 1754 4613 οἵαν
1771 4580 1825 4629 φα-

656 4629 684 4680 in
709 4627 828 4693 Φυσικῆς
844 4621 1000 4692 ἀκροάσεως
1019 4627 1101 4679 libri·
1121 4629 1170 4680 vn
1188 4636 1217 4681 ct
1267 4630 1310 4683 cio
1333 4629 1360 4682 oi
1381 4627 1502 4697 λέγοντες
1523 4623 1617 4695 ψυχὴν
1638 4624 1709 4680 εἶναι
1731 4624 1764 4680 τὸ
1786 4648 1825 4681 κι-

655 4696 721 4746 vm
743 4703 771 4745 et
790 4696 816 4745 in
839 4696 911 4745 liora
930 4694 942 4744 l
963 4692 1026 4759 neci
1048 4695 1154 4762 Ψυχῆς,
1185 4705 1217 4749 at
1265 4699 1334 4751 νοῦν
1353 4692 1436 4749 ἑαυτὸ
1452 4688 1474 4777 ip
1488 4690 1639 4762 δυνάμενον
1656 4699 1748 4760 κινεῖν,
1767 4690 1824 4748 ttt'

656 4781 709 4815 non
737 4763 844 4826 omnia,
879 4779 968 4827 nequa
995 4765 1091 4813 coelem
1117 4764 1215 4816 ordino
1266 4760 1296 4817 ἓν
1320 4784 1346 4816 τι
1371 4764 1428 4816 τῶν
1456 4758 1602 4835 adoooiccoo
1628 4760 1661 4816 τὸ
1692 4758 1825 4832 ὑπάρχειν

654 4836 836 4898 pertractata,
859 4837 889 4880 ut
907 4830 1036 4882 videatur
1053 4831 1216 4885 Macrobius
1265 4826 1337 4900 αὐτῆ
1359 4832 1472 4900 κίνησιν.
1508 4832 1576 4883 Cum
1598 4832 1651 4895 iio,
1682 4849 1752 4899 quac
1775 4836 1825 4884 de·

655 4917 709 4950 non
735 4898 825 4967 ipsius
849 4897 1010 4949 Aristotelis
1035 4899 1123 4949 libros
1151 4909 1215 4952 anta
1265 4886 1330 4952 iude
1348 4908 1515 4966 aequantur,
1534 4901 1690 4969 comparari
1709 4907 1825 4967 possunt

655 4967 752 5018 oculos
771 4967 920 5028 habuisse,
952 4965 1001 5016 aed
1020 4974 1133 5017 secutur
1154 4985 1216 5020 ease
1265 4969 1352 5035 Phys.
1375 4968 1449 5030 Vlll,
1468 4984 1549 5035 capp.
1568 4970 1595 5032 4,
1611 4974 1637 5030 5,
1657 4973 1688 5029 6;
1711 4970 1760 5019 aad
1780 4969 1823 5033 ip-

655 5034 816 5087 Platonicae
830 5051 946 5100 quorum
964 5033 1067 5099 placita
1080 5035 1216 5087 defendit.
1264 5053 1322 5088 eant
1356 5036 1518 5088 Aristotelia
1551 5036 1823 5105 argumentationem

689 5110 719 5152 nt
747 5104 863 5153 animam
887 5137 912 5153 ..
934 5118 968 5152 nc
989 5104 1086 5154 moueri
1128 5105 1214 5155 uidem
1264 5114 1400 5171 uunquam
1426 5104 1530 5156 inveni.

654 5170 761 5235 penam
790 5178 896 5221 ‘mm'
927 5169 1072 5251 amasii.
1092 5121 1215 5252 ”gum
1298 5208 1323 5257 4.
1359 5214 1407 5257 aut
1426 5206 1515 5256 amnia
1532 5206 1669 5257 inmobilia
1686 5221 1740 5257 cccc
1758 5203 1821 5271 otc]

655 5235 728 5299 apud
748 5235 992 5302 Glosoograplrum
1009 5236 1165 5290 Nrcrarrus:
1189 5238 1218 5290 τί
1264 5271 1349 5325 Cf?
1431 5273 1494 5323 vm
1561 5272 1663 5322 3“'

656 5298 746 5369 ψυχῆς
776 5297 808 5354 τὸ
833 5299 999 5368 κινούμενον.
1034 5303 1067 5381 τίΙ
1088 5297 1214 5374 iungam·
1301 5308 1308 5325 ‘
1351 5274 1415 5342 ΙΨ·
1495 5289 1543 5337 ’⁰'
1597 5278 1657 5325 Μ’
