5092 6425
729 890 796 959 luo
889 931 892 935 ι
1211 884 1420 952 MACROBII

679 1067 801 1132 lamen
818 1059 857 1125 ad
876 1079 932 1123 nos
954 1055 1158 1141 perferentem
1179 1076 1303 1122 sensum
1325 1054 1448 1119 catoris:
1489 1052 1561 1138 quia
1582 1052 1657 1117 lucis
1679 1052 1798 1128 radius,
1826 1074 1898 1117 eum

729 1146 766 1211 ad
786 1165 843 1209 nos
863 1143 901 1207 de
923 1142 1041 1226 origine
1064 1163 1133 1218 sua,
1161 1140 1191 1205 id
1213 1150 1261 1212 est
1281 1141 1318 1206 de
1341 1140 1422 1215 soie,
1448 1137 1602 1223 pervenit,
1631 1146 1772 1203 naturam
1793 1159 1898 1204 secum

729 1231 808 1315 ignis
828 1229 866 1293 de
888 1248 950 1313 quo
972 1227 1108 1291 nascitur
1133 1227 1271 1300 devebit;
1313 1247 1382 1290 cum
1404 1245 1476 1288 vero
1498 1224 1529 1287 in
1551 1223 1643 1288 lunae
1664 1245 1775 1309 corpus
1797 1223 1899 1288 insuu-

728 1316 812 1380 ditur
833 1322 864 1378 et
883 1313 955 1377 iude
977 1311 1166 1396 resplendet,
1188 1313 1284 1378 solam
1307 1310 1442 1375 retundit
1461 1309 1645 1386 claritatem,
1668 1331 1730 1373 non
1754 1309 1898 1374 calorem.

728 1402 807 1467 Nam
839 1407 872 1463 et
900 1397 1074 1482 specuium,
1111 1418 1180 1461 cum
1215 1398 1409 1483 spiendorem
1438 1394 1475 1458 de
1500 1415 1532 1458 se
1559 1394 1588 1457 vi
1615 1395 1750 1479 oppositi
1776 1395 1898 1459 eminus

728 1485 807 1570 ignis
833 1484 962 1559 emittit,
1003 1483 1098 1546 solam
1127 1482 1205 1566 ignis
1227 1481 1460 1547 similitudinem
1483 1488 1637 1543 carentem
1666 1501 1758 1544 sensu
1787 1481 1898 1544 catoris

679 1568 870 1638 ldostendit
931 1567 1033 1646 Quem
1061 1567 1117 1631 soli
1143 1568 1284 1632 ordinem
1310 1567 1400 1630 Plato
1428 1564 1547 1629 dederit
1574 1565 1622 1629 vet
1650 1565 1717 1629 eius
1745 1573 1898 1642 auctores,

728 1675 844 1740 quosve
871 1653 980 1721 Cicero
1010 1661 1134 1717 secutus
1161 1661 1305 1738 quartum
1333 1652 1435 1714 locum
1464 1650 1570 1733 giobo·
1585 1649 1650 1714 eius
1679 1649 1896 1734 adsignaverit,

726 1740 775 1806 rel
801 1758 880 1824 quae
901 1738 980 1802 ratio
1002 1738 1232 1823 persuasionem
1255 1737 1348 1801 buius
1370 1734 1554 1801 diversitatis
1577 1734 1746 1811 induxerit,
1785 1742 1817 1799 et
1840 1755 1897 1798 cur

727 1825 839 1889 dixerit
861 1823 995 1889 Tullius:
1034 1825 1069 1887 in
1090 1824 1249 1911 infimoque
1275 1823 1345 1887 orbe
1369 1823 1443 1885 iisne
1470 1821 1568 1884 radiis
1589 1822 1660 1884 soles
1681 1842 1803 1884 measse
1824 1842 1895 1882 eon·

726 1911 866 1984 certetur,
897 1909 971 1973 satis
992 1907 1107 1972 dictum
1130 1917 1192 1973 est:
1229 1907 1283 1972 sed
1306 1907 1353 1971 his
1375 1907 1434 1970 hoc
1455 1905 1648 1970 adiciendum
1670 1914 1732 1982 est,
1767 1926 1822 1969 cur
1845 1904 1896 1968 Ci-

727 2016 813 2071 cero,
843 2014 913 2057 cum
934 2001 1078 2078 quartum
1102 1992 1140 2057 de
1161 2001 1279 2078 septem
1301 1992 1396 2056 solem
1419 1991 1507 2067 velit,
1543 1997 1671 2087 quartus
1691 1998 1794 2054 autem
1816 1990 1896 2053 inter

726 2088 845 2163 septem
868 2100 931 2143 non
952 2078 1016 2143 iere
1039 2077 1167 2156 madius,
1189 2079 1241 2142 sed
1260 2077 1345 2142 omni
1365 2077 1457 2141 modo
1480 2074 1598 2140 medrus
1619 2083 1650 2138 et
1669 2075 1709 2138 sit
1732 2084 1764 2139 et
1784 2075 1895 2138 habea-

725 2171 792 2241 tur,
813 2185 876 2227 non
896 2163 972 2228 abru
995 2172 1026 2227 te
1047 2163 1182 2227 medium
1202 2164 1299 2228 solem
1323 2161 1376 2227 sed
1395 2164 1461 2246 sere
1479 2162 1609 2225 medium
1630 2159 1743 2225 dixerit
1761 2159 1809 2239 his
1827 2179 1895 2224 rer-

656 2249 787 2314 abab:
814 2249 920 2313 dnnde
992 2260 1038 2313 ter
1057 2249 1186 2330 medinm
1202 2253 1267 2335 fere
1288 2249 1438 2333 regionem
1455 2247 1502 2311 sot
1520 2247 1638 2333 optinet.
1681 2244 1742 2309 Sed
1763 2266 1825 2308 non
1845 2265 1896 2308 va·

726 2342 775 2399 cat
795 2333 924 2398 adiectio
946 2354 1007 2418 qua
1028 2326 1105 2398 baec
1127 2333 1336 2418 pronuntiatio
1356 2340 1561 2417 temperatur:
1592 2351 1662 2395 nam
1684 2331 1729 2394 sol
1749 2337 1894 2414 quartum

726 2420 828 2484 locum
851 2418 994 2504 optinens
1022 2418 1155 2483 mediam
1183 2418 1342 2500 regionem
1373 2417 1491 2482 tenebit
1517 2436 1662 2490 nurnero,
1701 2415 1800 2499 spatio
1831 2434 1895 2476 non

725 2503 852 2567 tenebit.
895 2503 927 2567 Si
948 2503 1030 2566 inter
1052 2511 1156 2566 ternos
1176 2503 1260 2567 enim
1278 2523 1417 2567 summos
1438 2509 1469 2566 et
1491 2501 1570 2565 imos
1594 2501 1725 2576 locatur,
1751 2499 1817 2562 sine
1839 2499 1893 2562 du-

725 2587 777 2651 bio
799 2585 920 2650 medius
940 2593 987 2650 est
1007 2605 1152 2651 numero:
1190 2587 1243 2652 sed
1265 2588 1361 2651 totius
1384 2586 1473 2671 spatii
1501 2586 1584 2670 quod
1607 2591 1724 2669 septem
1745 2584 1893 2670 sphaerae

725 2677 877 2756 occupant
898 2669 1091 2735 dimensione
1111 2679 1270 2757 perspecta
1293 2671 1379 2756 regio
1401 2672 1475 2736 solis
1502 2693 1565 2736 non
1590 2670 1745 2737 invenitur
1769 2669 1802 2732 in
1828 2689 1892 2731 me-

725 2757 776 2821 dio
797 2755 897 2839 spatio
919 2755 1026 2831 locata,
1047 2755 1119 2841 quia
1139 2756 1235 2840 magis
1258 2778 1417 2821 asumma
1437 2757 1511 2841 ipse,
1534 2778 1626 2854 quam
1648 2755 1687 2819 ab
1708 2754 1774 2838 ipso
1792 2774 1892 2817 reces-

724 2841 765 2906 sit
785 2839 847 2905 ima
867 2840 1075 2925 postremitas:
1112 2841 1195 2925 quod
1218 2842 1368 2906 sinenda
1392 2842 1623 2926 disceptationis
1649 2839 1776 2924 ambage
1809 2860 1892 2903 com·

586 2952 608 3019 ’ἡ
676 2924 871 3010 lbpendiosa
894 2925 1037 3023 probabit
1056 2926 1198 2990 adsertio.
1241 2927 1365 2992 Saturni
1386 2928 1489 3005 steila,
1516 2948 1596 3012 quae
1617 2946 1736 2992 summa
1759 2932 1818 3000 est,
1842 2945 1891 2987 zo-

582 3014 598 3039 “
674 3011 845 3098 [9⁵]diacum
867 3010 993 3096 triginta
1013 3011 1101 3076 annis
1120 3020 1270 3098 peragrat,
1289 3013 1334 3078 sol
1355 3013 1475 3077 medius
1494 3033 1577 3078 anno
1597 3033 1672 3091 uno,
1691 3011 1762 3076 luna
1783 3009 1891 3075 ultima

788 3247 858 3300 Msa.
877 3246 1054 3302 GFSPR12G
1073 3251 1160 3313 (Bau.
1179 3267 1267 3317 usque
1286 3251 1321 3304 ad
1341 3250 1355 3317 ᾗ
1375 3253 1445 3312 14.)]

720 3332 927 3401 casuras-gu
940 3335 1066 3402 „Angi.“
1099 3336 1280 3404 penetrabilis
1295 3336 1411 3388 s-sta.
1433 3335 1507 3387 moa.
1527 3335 1546 3385 Ι.
1563 3352 1587 3386 c.
1621 3334 1739 3395 „Recta
1756 3350 1795 3383 sc.
1814 3333 1890 3384 luna.

720 3402 775 3453 Sed
797 3403 841 3453 ed.
862 3408 916 3453 vet
940 3405 1121 3470 penetrabile,
1145 3422 1184 3456 sc.
1208 3420 1318 3470 corpus.
1352 3404 1407 3455 Sed
1427 3402 1556 3471 vulgaris
1575 3408 1603 3454 et
1624 3400 1763 3453 recentior
1782 3399 1893 3452 videtur

718 3470 851 3521 melior.“
875 3469 960 3520 Zeun.
977 3499 1012 3511 -
1029 3473 1096 3524 odeo
1112 3474 1153 3523 ad
1170 3489 1198 3523 se
1212 3488 1305 3525 rursus
1321 3473 1421 3523 ssittnt
1438 3472 1489 3522 Rl.
1511 3498 1537 3508 -
1558 3486 1665 3521 russam
1684 3469 1716 3520 F.
1734 3496 1767 3505 —
1782 3472 1890 3538 prese-

718 3545 816 3587 mttem
833 3537 931 3592 RlH'2·
1084 3544 1122 3590 13.
1161 3541 1193 3591 de
1208 3557 1258 3590 sua
1276 3541 1381 3607 origine
1398 3539 1449 3589 Ri.
1469 3562 1505 3577 -·
1517 3538 1609 3589 evolsit
1628 3539 1706 3602 (sup.
1723 3536 1768 3600 de)
1786 3539 1837 3587 Ra.
1856 3562 1891 3574 -

718 3605 867 3655 duritatem
889 3604 1046 3656 ruiense.
1080 3608 1289 3659 claritudinem
1310 3603 1450 3658 uuacsu
1469 3605 1512 3663 (in
1530 3607 1572 3657 Ra
1588 3606 1653 3656 add.
1671 3620 1688 3655 a
1704 3620 1760 3655 see.
1779 3609 1839 3663 m.).
1860 3631 1887 3642 -

720 3671 1101 3806 gum-spalmogrffiooffzli-b.
1121 3701 1153 3791 m
1168 3682 1309 3808 iisssdidbtd‘e
1320 3680 1395 3794 bibi
1405 3671 1491 3791 iiic
1509 3740 1538 3790 s's
1556 3674 1890 3805 infinaliibe⁸iburiri8qbii

720 3801 864 3854 Baralirem.
917 3806 1058 3871 infimoque
1076 3809 1135 3858 orbe
1158 3810 1226 3868 (oni.
1243 3811 1287 3875 iss)
1305 3807 1427 3859 Rama.
1480 3809 1622 3874 infimoque
1639 3808 1700 3858 orbi
1718 3806 1889 3857 Edd.CFSG.

720 3870 832 3936 „Supra
855 3868 888 3936 [c.
908 3874 954 3935 17,
984 3873 1052 3939 §3.]
1074 3872 1102 3924 in
1125 3880 1201 3926 testu
1221 3875 1365 3927 Ciceronis
1382 3882 1444 3927 erat
1462 3876 1535 3938 orbe,
1568 3875 1640 3940 quod
1662 3879 1706 3925 est
1728 3875 1890 3938 praefereu-

719 3939 815 3989 dum.“
833 3938 919 3991 Zeun.
936 3968 969 3977 -
989 3943 1101 3994 omnino
1117 3943 1218 3993 medius
1233 3942 1376 3995 Bantius.
1392 3972 1427 3982 -
1448 3945 1550 3995 snbster
1564 3943 1679 3993 medians
1697 3942 1845 4005 suanus,
1865 3959 1889 3992 e.

609 4045 611 4050 .
720 4005 850 4071 lt‚§3,
873 4007 1076 4073 Somn-ffltt.
1121 4017 1240 4078 septem
1258 4012 1372 4063 mediam
1394 4012 1429 4063 G.
1473 4018 1591 4077 septem
1609 4010 1734 4061 medinm
1753 4011 1802 4060 [tl.
1850 4027 1888 4059 es

680 4082 683 4093 '
720 4082 838 4142 septem
856 4074 1016 4127 medionec·
1051 4077 1088 4128 de
1105 4086 1220 4143 septem
1238 4079 1353 4130 medians
1371 4077 1441 4129 FH2
1458 4078 1530 4145 (ebg
1547 4077 1575 4127 in
1595 4082 1675 4143 mg).
1710 4076 1823 4143 „Supra
1842 4078 1887 4142 [ad

719 4159 743 4193 e.
760 4148 805 4207 17,
826 4142 839 4209 5
858 4144 894 4211 a]
912 4143 1033 4195 diximus
1052 4146 1086 4196 da
1104 4146 1225 4197 lectione
1242 4148 1277 4198 de
1290 4154 1387 4213 sptem
1403 4147 1531 4208 medians,
1548 4160 1619 4209 qrrae
1638 4143 1686 4194 bic
1703 4160 1813 4211 qrroque
1831 4153 1890 4196 ata-

717 4210 832 4274 bilitnr3
865 4228 930 4264 nam
948 4213 1033 4277 paulo
1049 4220 1114 4264 ante
1130 4219 1241 4266 erretur:
1267 4222 1390 4281 pannum
1407 4215 1440 4265 de
1453 4214 1577 4281 septem.“
1605 4212 1692 4262 Zeun.
1846 4217 1888 4265 15.

718 4279 832 4332 adiectio
850 4282 927 4343 sere
948 4279 1115 4349 Bambiian.
1139 4282 1248 4344 „Mss.“
1272 4282 1358 4332 Gran.
1384 4280 1417 4341 (i.
1439 4297 1462 4331 e.
1486 4279 1687 4340 brennovem
1722 4276 1752 4329 iu
1775 4278 1886 4330 onata

717 4346 790 4397 baec
807 4346 1018 4409 desiderantum
1052 4347 1081 4399 in
1100 4348 1136 4399 Li
1158 4350 1263 4416 tegitur
1281 4349 1393 4400 adiectio
1411 4353 1542 4408 tantum).
1562 4374 1597 4385 -
1618 4364 1671 4413 qun
1688 4345 1753 4396 baec
1767 4363 1889 4413 pronun·

717 4414 795 4465 tintio
812 4421 972 4480 temperatur
995 4415 1215 4483 Mss.v-gban.
1249 4415 1354 4481 „Certe
1372 4414 1564 4482 pronuntiatio
1588 4414 1659 4465 baec
1676 4429 1730 4463 non
1753 4420 1890 4480 temperat

668 4507 670 4510 v
716 4478 916 4559 adiectionem,
940 4481 995 4531 boc
1013 4489 1056 4534 est
1072 4484 1238 4548 particulam
1254 4488 1327 4550 sere,
1356 4484 1405 4534 sed
1424 4482 1478 4550 ipsi
1498 4482 1656 4549 particulae
1673 4480 1748 4532 inest
1765 4481 1808 4531 vis
1825 4500 1890 4549 pro-

716 4547 920 4626 nuntiationem
938 4547 1021 4600 istam
1039 4553 1229 4617 temperandi,
1247 4568 1282 4603 us
1298 4550 1442 4617 praecise,
1461 4558 1506 4613 et,
1529 4556 1560 4601 ut
1578 4549 1619 4601 ait
1636 4556 1747 4609 auctor,
1768 4550 1887 4615 abrupte

717 4615 827 4666 medrus
844 4618 887 4666 soi
906 4618 1134 4683 pronunciatur.“
1152 4620 1237 4672 Gran.
1272 4619 1476 4685 „Verissime.“
1495 4619 1580 4669 Zean.
1615 4634 1703 4684 qnam
1720 4616 1745 4665 b.
1761 4632 1802 4682 pr.
1820 4625 1887 4667 tem·

715 4690 802 4749 perat
823 4699 877 4733 s-a.
902 4712 934 4722 -
955 4688 1011 4736 sed
1030 4688 1099 4738 inter
1115 4706 1172 4738 nos
1188 4689 1256 4739 enim
1280 4688 1330 4737 Rs.
1354 4715 1387 4724 -
1409 4695 1505 4755 septem
1524 4687 1631 4752 (sperne
1647 4683 1710 4735 add.
1728 4698 1744 4732 a
1762 4699 1817 4732 see.
1834 4685 1886 4748 m.)

717 4748 748 4801 C.
766 4777 801 4787 -
818 4750 978 4803 dimensione
993 4762 1114 4819 pnnetn
1133 4756 1186 4806 111.
1203 4782 1236 4794 -
1255 4756 1312 4822 ipse
1328 4755 1393 4805 add.
1411 4770 1428 4807 a
1445 4772 1501 4806 sec.
1521 4771 1557 4804 m.
1574 4753 1603 4803 C.
1627 4779 1655 4789 -
1676 4766 1754 4816 quam
1773 4750 1806 4800 ab
1825 4752 1885 4801 imo

718 4816 751 4867 G.
772 4844 807 4856 —
827 4817 881 4867 ima
897 4821 1000 4871 secessit
1019 4821 1070 4870 Rl.
1092 4846 1125 4859 -
1147 4823 1303 4887 posteritas
1321 4822 1494 4890 (supirans)
1517 4820 1546 4872 0,
1573 4850 1601 4859 -
1613 4816 1808 4882 -disesptionis
1826 4836 1885 4868 nm-

716 4884 786 4954 bage
808 4884 923 4938 R1H12.
973 4888 1170 4955 disceptatione
1188 4891 1303 4958 ambage
1323 4906 1351 4941 v·
1505 4893 1546 4940 16.
1580 4887 1700 4957 peragit
1718 4882 1748 4934 C.
1773 4912 1804 4921 -
1833 4904 1886 4938 nno

751 5124 791 5173 la.
828 5121 898 5174 Nam
921 5129 945 5174 et
968 5121 1101 5189 speculem
1126 5156 1170 5174 ...
1193 5123 1277 5175 sotum
1328 5129 1494 5193 gumentum
1524 5128 1621 5176 nostra
1649 5119 1762 5188 quidem
1792 5128 1888 5177 aetate

715 5189 790 5257 ignis
813 5190 1012 5243 similitudinem
1038 5198 1172 5242 carentena
1199 5208 1278 5244 sessa
1328 5209 1411 5245 neruo
1426 5191 1582 5258 negaverit.

715 5258 811 5312 catoris
823 5258 946 5327 ostendit]
965 5256 1061 5311 Futile
1078 5275 1142 5313 esse
1157 5258 1214 5311 boc
1230 5274 1277 5314 ar·
1362 5264 1406 5314 15.
1438 5257 1630 5331 praenuntio]
1655 5255 1733 5325 „Hic
1749 5264 1793 5315 ost
1811 5259 1887 5314 idem
