5092 6425
665 904 723 970 DE
737 903 844 970 DIFF.
861 902 916 968 ΕΤ
932 899 1021 969 SOC.
1034 900 1099 968 GR.
1110 899 1386 981 quenalem.
1417 903 1534 971 XXIII.
1549 905 1727 980 APPEND.
1769 911 1834 979 275

666 1095 745 1160 quae
774 1072 964 1140 consuetudo
997 1071 1152 1149 destituit,
1190 1077 1227 1137 ut
1253 1072 1358 1139 omnia
1391 1073 1484 1140 verba
1515 1096 1594 1161 quae
1628 1079 1774 1148 desinunt
1801 1084 1834 1149 in

665 1163 749 1239 ΝΩ,
769 1155 925 1225 λανθάνω
947 1153 1079 1222 άνδάνω
1099 1153 1278 1240 μανθάνω,
1300 1180 1379 1244 quae
1400 1180 1464 1226 uon
1485 1161 1544 1227 nisi
1565 1165 1725 1251 usquead
1747 1189 1834 1253 prae·

663 1247 790 1312 teritum
812 1245 1013 1330 inperfectum
1036 1243 1243 1308 declinantur:
1266 1244 1408 1311 similiter
1426 1254 1458 1312 et
1479 1268 1558 1335 quae
1580 1249 1612 1314 in
1639 1253 1753 1331 ΣΚΩ,
1775 1277 1831 1337 γη-

665 1329 776 1416 ράσκω
797 1331 932 1394 τείίσκω
952 1329 1102 1412 γαμίσκω
1122 1325 1307 1414 τιτρώσκεις
1350 1352 1420 1395 nam
1443 1333 1526 1417 quod
1548 1333 1679 1419 legimus
1700 1334 1832 1419 διδάξω,

664 1439 682 1482 a
704 1418 840 1482 themate
862 1424 992 1480 estnon
1015 1411 1159 1480 διδάσκω
1181 1414 1234 1480 sed
1257 1411 1396 1498 διδάχω,
1434 1418 1521 1483 euius
1544 1419 1691 1488 indicium
1716 1433 1763 1490 est
1785 1426 1832 1490 δι-

663 1500 753 1586 δαχή.
797 1502 883 1568 Idem
910 1501 1071 1587 patiuntur
1097 1520 1177 1586 quae
1206 1500 1239 1565 in
1269 1503 1332 1565 ΥΩ
1359 1512 1475 1568 exeunt
1506 1503 1676 1590 dissyllabis
1706 1510 1862 1588 maiera‚6

662 1583 775 1672 ὀμνύω
802 1583 941 1671 ὄμνυμι,
980 1582 1115 1678 πηγνάω
1140 1582 1301 1671 πήγνυμι,
1338 1584 1471 1672 (immrito
1492 1585 1642 1674 ῥήγνυμι.
1685 1593 1834 1661 Similiter

662 1672 865 1759 inperfectum
888 1674 1087 1758 praeteritum
1109 1693 1172 1737 ηοη
1194 1673 1348 1739 eueedunt
1375 1682 1407 1738 et
1435 1695 1515 1760 quae
1543 1676 1576 1741 iu
1596 1681 1686 1743 ΕΙΩ
1707 1690 1832 1758 exeunt,

660 1770 697 1826 ut
718 1756 837 1824 ὀκνείω
857 1758 1021 1841 γαμησείω
1042 1758 1205 1843 βρωσείω,
1241 1780 1298 1824 nee
1319 1774 1383 1824 non
1405 1767 1437 1825 et
1458 1781 1538 1845 quae
1560 1782 1598 1827 ex
1620 1764 1832 1852 monosyllabo

661 1867 717 1931 per
736 1846 816 1908 ίιῖτα
835 1844 1040 1928 geminantur,
1058 1852 1093 1909 ut
1112 1843 1178 1928 spei
1198 1845 1306 1928 τιτρῶ,
1326 1846 1374 1928 piei
1393 1846 1486 1928 βιβοῖ,
1506 1849 1575 1931 χρῶ
1593 1851 1704 1936 κιχρῶ.
1747 1850 1832 1917 Haee

659 1931 764 1994 emnia
786 1950 887 2015 usque
908 1929 946 1993 ad
967 1929 1169 2027 inperfectum
1191 1936 1315 2015 tempus
1336 1940 1467 2016 pessunt
1488 1934 1628 2012 extendi,
1669 1957 1732 2001 non
1754 1938 1832 2021 pius.

660 2015 753 2100 Apud
776 2017 903 2080 Latinos
924 2014 1071 2079 deficiunt
1091 2017 1215 2102 ι’κήνανι
1235 2024 1267 2081 et
1286 2038 1371 2082 seem:
1400 2037 1471 2082 nam
1494 2029 1659 2102 sequentes
1681 2022 1860 2106 personaei

661 2101 831 2186 analogiam
853 2100 970 2186 primae
993 2121 1142 2185 personae
1164 2110 1387 2166 nonservant:
1429 2102 1560 2168 aiterum
1584 2105 1667 2170 enim
1690 2104 1762 2170 Iaeit
1783 2109 1830 2172 in-

661 2208 750 2273 quum
770 2186 1006 2335 inquesinpuit,
1030 2185 1161 2252 aiterum
1183 2208 1250 2251 sum
1271 2198 1377 2265 esest,
1405 2193 1437 2252 et
1458 2187 1533 2252 iliud
1556 2187 1690 2286 quidem.
1704 2191 1735 2256 in
1757 2192 1830 2257 reii-

660 2273 730 2357 quis
750 2272 894 2336 omnibus
937 2271 1026 2335 eiecit
1046 2271 1253 2357 temporibus,
1290 2294 1358 2337 sum
1380 2293 1453 2339 vero
1477 2274 1508 2337 in
1530 2273 1613 2348 ahud
1634 2277 1760 2353 transit,
1795 2287 1832 2342 ut

659 2366 799 2444 tempora
821 2358 972 2443 conpleat,
994 2378 1076 2421 ενουι
1093 2359 1145 2443 sui
1164 2375 1244 2423 ere.⁴
1267 2356 1446 2443 Sunt‘quue
1466 2357 1499 2422 in
1519 2361 1618 2444 prima
1637 2362 1737 2426 soiurn
1759 2361 1860 2447 per-8

661 2465 736 2509 sona
764 2444 924 2522 deficiunt,
958 2450 1029 2508 oeus
1056 2454 1141 2508 evat:
1182 2442 1341 2508 oeoenim
1364 2443 1478 2508 lectum
1499 2454 1648 2510 nonest:
1689 2447 1831 2514 similiter

659 2528 745 2595 duris
775 2530 873 2595 datur.
925 2528 1010 2594 Soleo
1044 2528 1143 2594 nescit
1180 2528 1334 2594 futurum:
1374 2551 1462 2594 verre
1497 2528 1666 2614 perfeetum
1701 2532 1831 2618 ignerat.

661 2616 762 2681 Generi
781 2638 819 2681 ex
842 2636 910 2700 que.
926 2615 1062 2680 themate
1085 2614 1169 2700 venit
1191 2615 1295 2679 nulius
1318 2613 1390 2691 seit,
1433 2615 1504 2679 iicet
1523 2617 1622 2682 Varro
1650 2617 1770 2684 dixerit
1789 2641 1838 2705 pe

656 2713 741 2767 nunt.
784 2702 849 2769 Nee
869 2701 996 2766 mimm:
1039 2721 1110 2765 nam
1133 2708 1165 2765 et
1185 2699 1266 2786 apud
1291 2699 1425 2766 Graecos
1451 2709 1512 2765 tam
1534 2702 1699 2788 praeterita
1721 2703 1880 2790 inve-[sas]

658 2789 724 2852 nies
747 2809 840 2873 quam
863 2786 964 2852 sutura
986 2807 1064 2872 quae
1085 2787 1239 2872 praesenti
1260 2795 1399 2864 careant,
1431 2780 1553 2870 ἤνεγκα
1575 2784 1718 2872 ἔδραμον
1735 2790 1824 2854 οίσω.

658 2898 797 2960 Arruns.
846 2892 891 2959 Τὸ
916 2897 1001 2981 ῥῆμα
1027 2891 1233 2981 ἐνεργητικὸν
1252 2896 1309 2980 τῆς
1334 2890 1499 2981 δριστικής
1525 2895 1697 2980 ἐγκλίσεως
1714 2894 1879 2984 ,neutiquam

905 2979 1037 3065 πρώτην
1057 2978 1118 3065 τήν
1140 2980 1296 3064 συζυγίαν
1316 2980 1581 3066 περισπωμένων.

741 3059 947 3143 Ἐνεστῶτος,
974 3066 1058 3129 ποιῶ
1078 3071 1181 3141 ποιεῖς
1202 3070 1305 3143 ποιεῖ,
1326 3067 1484 3148 ποιοῦμεν
1503 3072 1623 3130 ποιεῖτε
1645 3070 1786 3134 ποιοῦσι.

659 3235 673 3300 ἐ
718 3150 992 3298 ίΠαρατατικοῦ,
1033 3148 1166 3215 ἐποίουν
1196 3148 1313 3226 ἐποίεις
1340 3149 1456 3230 ἐποίει,
1495 3149 1668 3236 ἐποιοῦμεν
1695 3151 1830 3220 ἐποιεῖτε

674 3253 715 3300 πο
731 3257 800 3298 ουν.
1661 3256 1668 3269 ·

745 3316 1009 3404 Παρακειμένου,
1036 3319 1196 3403 πεποίηκα
1216 3319 1395 3404 πεποίηκας
1415 3319 1584 3405 πεποίηκε,
1609 3319 1829 3408 πεποιήκαμεν

658 3402 851 3490 πεποιήκατε
872 3402 1073 3491 πεποιήκασι.

742 3485 1035 3573 ’ίπερσυντείικοδ
1054 3486 1257 3573 ἐπεποιήκειν
1275 3487 1474 3575 ἐπεποιήκεις
1492 3486 1684 3575 ἐπεποιήκει,
1703 3490 1827 3559 ἐπεποιψ

656 3576 787 3663 ήκειμεν
808 3572 1022 3662 ἐπεποιήκειτε
1045 3571 1298 3660 ἐπεποιήκεισαν.

743 3659 948 3745 Μέδοντος,
990 3659 1116 3747 ποιήσω
1138 3658 1282 3746 ποιήσεις
1301 3655 1445 3744 ποιήσει,
1479 3656 1656 3746 ποιήσομεν
1681 3657 1828 3747 ποιήσετε

657 3745 838 3835 ποιήσουσι.
1310 3812 1315 3818 .

1134 3831 1349 3920 Imperativus.

740 3916 931 3997 Ἐνεστῶτος
949 3919 1006 3985 καί
1026 3919 1263 4006 παρατατικοῦ,
1299 3917 1387 3983 ποίει
1405 3916 1552 3996 ποιείτω,
1586 3920 1707 3982 ποιεῖτε
1727 3919 1827 3983 ποιεί-

656 4018 773 4069 τωσαν.
1785 4077 1787 4081 ,

1572 4108 1656 4171 [Εδδ.
1676 4110 1759 4175 pdzb.

657 4202 684 4249 5.
717 4188 844 4246 deusve
861 4196 925 4247 dub.
946 4223 980 4235 -
1006 4197 1128 4249 similiter
1152 4211 1220 4262 quus
1242 4200 1311 4258 (ern.
1333 4199 1373 4254 et)
1398 4191 1462 4245 dub.
1486 4219 1521 4231 -
1548 4192 1774 4245 ΤΙΤΡΟΣΚΩ
1794 4194 1827 4245 Ρ.

656 4269 701 4350 ⁶²
718 4263 1001 4396 'iisssii‘ii'flean
1024 4330 1057 4380 aa
1078 4329 1143 4381 ιιιω
1161 4328 1294 4382 Annam
1315 4327 1445 4379 namen
1464 4328 1605 4379 ττιιηιο·
1627 4343 1707 4394 μαι
1731 4328 1828 4380 ηιμ.-

656 4415 703 4451 ηεε
722 4405 856 4463 carpserat
877 4400 914 4450 ud
931 4398 1057 4449 dicendae
1076 4399 1234 4449 Greeeersm
1253 4396 1374 4466 regulae.
1399 4395 1470 4447 Edd.
1491 4396 1529 4457 (P
1549 4395 1719 4465 Explicuit).
1767 4396 1829 4449 Vid.

656 4465 1054 4583 Proliiid'd'dninpiiiindiCE
1063 4531 1121 4583 Oc
1137 4531 1168 4582 Ρ.
1185 4558 1221 4569 -
1240 4525 1312 4581 κατά
1331 4524 1383 4596 τήν
1397 4524 1508 4598 πρωτην
1523 4527 1654 4597 συζυγίαν
1673 4529 1717 4581 sei
1722 4547 1740 4581 ν
1756 4543 1828 4599 περι-

657 4596 805 4667 σπωμένων
830 4600 900 4651 nna.
927 4625 962 4638 -
998 4597 1393 4651 Υηηεεταοηκτηοτ
1415 4599 1447 4649 r.

689 4742 714 4788 5.
750 4752 819 4803 quae
842 4735 1000 4785 consuetudo
1022 4732 1150 4801 destituit]
1174 4731 1217 4786 01.
1265 4731 1449 4784 Diomedes.“
1474 4731 1563 4784 Pan.
1586 4757 1620 4771 -
1650 4731 1685 4784 At
1706 4732 1744 4784 de
1763 4749 1828 4799 par·

656 4805 825 4857 asverus.
846 4806 891 4863 10,
910 4802 922 4867 ᾗ
939 4806 965 4853 ο.
986 4817 1037 4852 uere
1053 4802 1216 4853 destituente.
1266 4800 1343 4852 ieet·
1360 4798 1447 4851 activi
1467 4815 1559 4851 sermo
1580 4804 1631 4850 eet.
1727 4817 1732 4828 ·

689 4874 718 4924 in
737 4870 807 4937 ΝΩ]
831 4870 985 4921 Dicendum
1004 4875 1065 4920 erat
1081 4870 1109 4920 in
1124 4868 1217 4921 ΑΝΩ.
1301 4885 1333 4920 es
1351 4886 1402 4936 pue
1427 4868 1542 4921 themate
1563 4868 1634 4921 venit
1656 4868 1748 4919 πνίίυε
1768 4866 1827 4933 seit]

689 4945 715 4990 s.
749 4938 889 5006 πικρίαν]
910 4938 929 4988 i.
950 4954 974 4988 e.
994 4953 1047 4987 ηοη
1066 4938 1199 5003 amptius·
1267 4936 1309 4987 De
1333 4935 1488 4987 indicative
1516 4935 1597 4987 ηιοδο
1620 4935 1678 4987 vid.
1709 4941 1765 4986 not.
1791 4935 1825 4986 ad

691 5013 717 5059 8.
752 5024 820 5075 qaue
839 5008 868 5058 τ’τι
886 5007 975 5073 prima
997 5006 1217 5071 suiem'psreens
1267 5003 1375 5055 cenem.
1393 5004 1415 5065 1,
1437 5008 1478 5066 1¹1,
1497 5009 1522 5053 7.

657 5074 791 5142 deficient]
810 5075 897 5126 Pium
915 5073 969 5127 vid.
989 5074 1024 5125 de
1040 5074 1117 5125 reris.
1130 5089 1154 5123 e.
1175 5075 1217 5135 lu,
1303 5073 1362 5122 lieet
1386 5074 1470 5123 Varro
1487 5071 1583 5123 dixerit
1603 5067 1715 5139 genum]
1739 5066 1828 5130 ‚Nar-

657 5140 672 5206 §
690 5146 716 5191 8·
1267 5138 1345 5190 runis
1364 5140 1452 5200 Ιοοηε,
1469 5137 1600 5189 Inrtneeis
1619 5151 1653 5188 ex
1670 5135 1829 5187 naseuntu-

696 5209 778 5259 Verro
796 5211 942 5276 Μετίου
969 5206 1088 5277 ignerat]
1113 5205 1216 5273 „Apud
1268 5223 1329 5259 rum
1353 5207 1449 5258 Satira
1473 5206 1640 5271 Menippea,
1668 5202 1736 5253 iste:
1775 5204 1829 5253 Sed

656 5274 793 5327 Senecam
816 5279 911 5328 umen
930 5275 960 5327 11
981 5275 1099 5343 didiugn
1117 5276 1152 5325 de
1171 5291 1218 5325 su-
1305 5275 1339 5326 οιί
1365 5275 1431 5326 ίιιιτο
1461 5272 1519 5325 ines
1545 5271 1649 5337 aliquid
1674 5272 1828 5338 genunt.“

655 5341 825 5413 perstitiose
858 5357 936 5396 mee
969 5345 1070 5413 ιειπμία
1110 5342 1218 5395 invenit
1267 5291 1399 5395 diram·
1419 5340 1463 5394 ct.
1476 5341 1564 5392 Prisc.
1578 5340 1627 5390 tiu.
1640 5336 1679 5399 11,
1694 5338 1837 5401 pem.
