5092 6425
721 876 786 943 tlt
1207 864 1416 935 uacuouu

806 1085 812 1095 .
1046 1037 1163 1102 xxul.
1205 1037 1253 1103 Do
1275 1035 1433 1104 defectivis
1461 1035 1572 1103 verbis

810 1128 886 1193 Taua
913 1123 995 1211 apud
1024 1121 1158 1189 Graecos
1185 1144 1279 1210 quana
1304 1121 1386 1210 opud
1415 1121 1542 1188 Latinos
1569 1120 1740 1190 deliciunt
1770 1123 1904 1190 rerbain

724 1212 938 1281 declinatione.
983 1208 1096 1274 Tribus
1123 1208 1205 1274 enirn
1231 1207 1331 1273 modis
1361 1206 1469 1273 dicuat
1496 1207 1675 1275 verborum
1709 1211 1843 1276 evenire
1868 1209 1904 1275 de·

725 1301 851 1376 facturn,
872 1304 927 1362 aut
946 1296 1104 1361 intellectu
1128 1295 1270 1378 exigente
1292 1301 1348 1359 aut
1368 1293 1465 1358 literis
1485 1315 1549 1358 non
1568 1295 1848 1362 convenientibus
1866 1306 1905 1362 sut

725 1407 787 1453 usu
808 1384 984 1449 desistente.
1026 1382 1063 1446 ln
1087 1380 1193 1465 primis
1214 1379 1335 1445 duobus
1358 1379 1547 1456 necessitati,
1587 1380 1624 1445 in
1648 1381 1754 1447 tertio
1779 1403 1853 1448 vcro
1871 1403 1905 1447 re

696 1470 883 1543 2rerentiae
916 1466 1118 1554 obsequimur
1152 1465 1323 1531 vetustatis
1364 1465 1528 1530 lntelloctu
1557 1463 1722 1534 deliciunt
1756 1466 1810 1533 illa
1842 1489 1905 1554 qnae

727 1557 873 1624 dicuntur
896 1548 1112 1635 πεποιημένα,
1145 1551 1176 1617 id
1196 1560 1244 1617 est
1265 1571 1344 1636 quae
1364 1549 1403 1655 ad
1425 1550 1665 1654 similitudinern
1691 1553 1770 1652 soni
1793 1554 1904 1650 alicuius

727 1631 1254 1820 aranturslllenn
1278 1636 1343 1786 ar
1362 1639 1903 1820 taruannense

700 1813 902 1885 dLiterarum
925 1809 1172 1873 inconvenientia
1193 1807 1355 1883 deliciunt,
1396 1815 1540 1895 quotiens
1562 1808 1702 1875 verbum
1726 1809 1826 1876 habet
1847 1819 1900 1876 ante

732 1900 768 1963 Ω
790 1898 836 1959 Μ
850 1894 897 1960 vel
914 1893 1013 1963 MN:
1039 1893 1114 1957 haec
1137 1894 1220 1960 eninr
1232 1891 1411 1979 pecundum
1434 1893 1571 1978 regulam
1591 1914 1687 1960 auam
1713 1894 1851 1982 proferri
1866 1895 1900 1961 rcl

730 1983 764 2049 in
784 1975 1010 2065 παρακειμένῳ
1031 2000 1087 2045 seu
1108 1971 1368 2065 ὖπεμσυντελιιιῷ
1389 1978 1437 2076 uel
1459 1979 1490 2044 in
1512 1974 1749 2080 ἀορίστῳοοιι
1769 1979 1899 2066 μέλλοντι

731 2059 1899 2237 tlrlltilladlitat.amittit..l⁰l.l⁰.ll⁸:?t.tl.tt

734 2241 779 2318 H,
800 2234 959 2320 conlapsa
983 2230 1201 2318 ἐνενεμήαεινε
1222 2236 1297 2301 item
1319 2230 1490 2320 ἐνέμφθην
1510 2235 1557 2301 vel
1577 2233 1830 2323 νεμφθήσομω
1848 2260 1899 2304 m.

683 2325 823 2412 [suadem
847 2342 1006 2421 sumpsere
1027 2320 1147 2386 literam
1170 2330 1297 2407 propter
1318 2320 1520 2471 euphoniam,
1541 2317 1713 2406 ἐνεμήθην
1736 2321 1900 2410 νεμηθήω

704 2414 800 2495 4μαι.
844 2410 922 2474 ltern
945 2407 1088 2474 intortio
1113 2428 1243 2493 persona
1265 2407 1355 2491 singu
1368 2406 1429 2482 ari,
1467 2427 1546 2494 quae
1574 2410 1605 2472 Τ
1621 2407 1725 2476 habet
1751 2411 1788 2477 in
1812 2413 1901 2477 ultiua

733 2495 864 2580 syllaba,
884 2501 1007 2578 accepta
1028 2494 1067 2557 N
1083 2492 1155 2557 lacit
1174 2492 1339 2579 pluralem,
1361 2488 1486 2574 λέγεται
1504 2489 1672 2575 λέγονται,
1696 2492 1842 2580 μάχεται
1859 2493 1902 2580 μα’-

733 2601 863 2664 γονταιε
883 2599 990 2644 verum
1011 2573 1165 2662 ιιέκαρται
1184 2579 1217 2643 in
1235 2578 1346 2665 plurali
1368 2577 1571 2644 declinatione
1594 2581 1635 2642 N
1651 2602 1722 2646 non
1743 2584 1850 2669 potuit
1865 2581 1902 2647 ad·

736 2665 867 2741 mittere,
887 2663 1019 2750 ideoque
1040 2663 1166 2729 deiecit:
1192 2663 1236 2729 sic
1256 2660 1414 2744 ἔσταλται,
1435 2664 1479 2730 sic
1499 2659 1656 2729 κέκοπται
1679 2675 1716 2732 et
1740 2670 1807 2734 alia
1828 2669 1904 2743 nulle,

706 2750 767 2817 5et
793 2750 963 2817 remedium
992 2749 1031 2814 de
1057 2749 1219 2834 participio
1245 2758 1385 2816 mutuata
1414 2758 1495 2817 sunt
1537 2751 1607 2814 Alia
1634 2760 1715 2820 suut
1741 2755 1831 2842 apud
1852 2755 1905 2819 illos
1946 2786 1971 3740 χ

1961 3831 1975 4667 i

804 2903 862 2956 llis.¹
876 2901 924 2965 P.]

804 2986 912 3051 xxm,
931 2989 956 3038 a
992 2982 1072 3053 ιιγεε]
1089 2984 1171 3037 uam.
1188 2984 1223 3037 n.
1241 2980 1275 3050 ι’,
1294 2989 1353 3038 ns.
1369 3016 1401 3025 -
1421 2986 1484 3055 σιμ]
1503 2986 1585 3039 non.
1602 2985 1657 3038 oa.
1676 2986 1696 3054 r,
1716 2993 1798 3055 noa..
1817 2991 1864 3045 aar
1877 2991 1907 3043 n-

736 3054 814 3126 gltus
831 3048 891 3117 σιξ.
1041 3055 1067 3104 ³.
1103 3071 1148 3107 sea
1165 3054 1299 3108 mellente
1320 3054 1352 3108 P.
1503 3057 1529 3106 4.
1566 3053 1773 3111 ΕΣΤΑΛΤΕ
1792 3060 1825 3113 Ρ.

804 3196 857 3250 aas.
876 3195 907 3248 v.
940 3195 989 3247 aa.
1009 3199 1045 3257 e]

806 3279 913 3346 XXlll,
943 3284 967 3330 1.
1005 3279 1045 3330 Da
1064 3280 1203 3343 defectivis
1219 3281 1306 3332 cerdis
1324 3281 1376 3332 cel
1394 3280 1609 3333 dictionibus.
1643 3284 1718 3343 (14.)
1753 3287 1827 3339 Tan
1848 3286 1908 3356 apsi

741 3350 856 3401 Graecos
874 3365 952 3415 qaam
974 3347 1048 3415 apad
1067 3347 1179 3400 Latinos
1200 3349 1319 3415 stipae
1343 3350 1422 3399 cerda
1445 3350 1473 3400 iss
1496 3349 1673 3400 declinatione
1695 3354 1842 3418 dejiciant.
1877 3357 1908 3406 lle

737 3417 788 3469 isis
811 3416 1005 3467 Graecorum
1023 3415 1094 3467 ista
1112 3416 1277 3481 definitio
1297 3424 1360 3469 est:
1384 3417 1512 3468 illenim
1528 3417 1612 3467 modis
1630 3418 1724 3472 dieunt
1745 3425 1856 3475 evenire
1873 3425 1908 3474 dc

733 3488 848 3551 sectam,
871 3490 919 3534 ant
936 3484 1069 3535 intellecta
1087 3484 1223 3552 erigente,
1245 3492 1293 3536 aut
1310 3485 1395 3537 literis
1410 3503 1463 3536 non
1481 3485 1705 3549 convenientibas,
1731 3499 1787 3543 aest
1806 3510 1857 3543 usa
1873 3492 1908 3541 de-

735 3555 852 3605 sistente.
891 3552 935 3601 Er
953 3552 1003 3603 isis
1019 3551 1046 3601 in
1063 3551 1164 3602 duodus
1178 3553 1328 3619 prioribus
1342 3553 1445 3604 snodis
1462 3554 1620 3604 servimus
1635 3557 1807 3622 necessitati,
1825 3561 1853 3611 in
1867 3567 1908 3610 ler-

736 3621 774 3672 tio
791 3618 952 3670 reoerentiae
970 3620 1109 3669 vetustatis
1127 3621 1300 3687 obsequimur·
1335 3623 1360 3670 2
1401 3620 1461 3671 Per
1478 3621 1643 3671 intellectum
1666 3625 1771 3675 verda
1792 3628 1907 3694 deficiant

738 3687 845 3737 omnia
861 3700 930 3752 qaae
947 3685 1070 3737 dicantur
1086 3682 1268 3752 πεποιημένα,
1298 3688 1395 3751 idest,
1425 3704 1492 3754 puae
1509 3688 1545 3739 ad
1561 3688 1768 3743 similitudinem
1786 3697 1848 3746 soni
1865 3694 1909 3745 ali·

737 3753 812 3803 cuias
832 3766 955 3817 expressa
971 3760 1041 3814 sant,
1060 3759 1088 3803 ut
1105 3752 1175 3817 λίγξε
1194 3758 1220 3813 ¹)
1238 3749 1306 3819 βιὸς,
1326 3752 1378 3815 uite
1395 3747 1545 3821 ὀφθαλμὸς
1561 3762 1585 3806 et
1601 3756 1718 3819 similia3
1735 3760 1766 3811 ia
1788 3762 1833 3813 lais
1850 3764 1908 3813 esiss

737 3819 823 3869 cerdis
839 3834 886 3868 nac
903 3818 996 3868 alias
1010 3834 1149 3882 personas
1168 3823 1365 3886 quaerendae
1382 3831 1473 3885 sant,
1495 3824 1592 3874 necin
1610 3824 1688 3875 alios
1706 3824 1817 3881 modos
1829 3832 1908 3895 slec-

737 3886 838 3937 tenda
861 3884 1057 3944 declinatio,
1095 3886 1171 3950 qaia
1194 3894 1319 3939 tanturn
1342 3905 1436 3940 ooeas
1464 3898 1538 3943 sant
1566 3907 1746 3956 expressae
1775 3900 1822 3949 ad
1847 3896 1909 3948 soni

737 3953 960 4006 imitationem
977 3955 1006 4013 ²)
1022 3968 1111 4020 paens
1129 3953 1312 4023 adsigndre
1328 3957 1485 4011 colamus.
1504 3973 1517 4009 ε
1535 3958 1571 4019 (v
1590 3960 1614 4023 ¹)
1630 3960 1766 4019 ΛΙΤΞΕ.
1807 3968 1835 4030 ’)
1850 3965 1910 4017 eai-

736 4023 887 4083 tationem).

736 4155 786 4209 laic
803 4161 912 4210 sumtus
929 4159 972 4207 est
989 4172 1022 4207 ex
1038 4153 1121 4206 lliad.
1138 4151 1171 4223 ν’,
1187 4159 1227 4220 a,
1245 4154 1296 4208 ubi
1347 4156 1397 4209 lila.
1423 4155 1503 4224 van,
1538 4158 1573 4210 de
1595 4160 1725 4226 personis
1748 4175 1778 4229 p.
1801 4165 1912 4217 mlh:

735 4224 765 4277 iu
796 4243 880 4277 sensu
914 4224 1007 4276 activo
1038 4223 1151 4275 dicitur.
1195 4224 1296 4277 Verum
1349 4227 1504 4289 Praeterea,
1533 4228 1638 4293 inquit,
1668 4230 1697 4280 in
1719 4234 1913 4288 nominationi·

737 4294 812 4345 idern
829 4287 951 4351 κεκοπὼς
967 4290 1051 4351 alibi,
1085 4296 1116 4341 ut
1139 4289 1296 4358 οι1γιι.σ,
1347 4294 1407 4357 das,
1424 4295 1454 4345 id
1471 4302 1509 4345 est
1526 4290 1766 4362 duodecennium,
1793 4304 1913 4353 siceno-

735 4364 795 4411 334.
814 4360 926 4426 passiva
943 4358 1123 4421 adhibetur.“
1141 4357 1227 4411 Zara.
1347 4362 1447 4412 missust
1468 4363 1524 4413 sioe
1545 4364 1681 4414 certorum
1704 4367 1785 4417 noeis
1809 4374 1913 4435 cossa-

770 4426 873 4477 Xlllll.
911 4426 950 4477 De
961 4425 1104 4490 'defectivis
1120 4426 1224 4495 cerdis]
1253 4425 1297 4478 Cf.
1348 4429 1520 4489 arationibus,
1543 4447 1596 4481 non
1613 4447 1702 4483 ornnes
1724 4434 1914 4489 declinationis

737 4494 772 4544 da
799 4493 877 4543 roris.
904 4509 928 4542 c.
956 4496 998 4543 10.
1028 4498 1056 4546 ct
1082 4492 1219 4546 Priscian.
1246 4494 1298 4547 lils.
1347 4502 1434 4548 motas
1451 4504 1513 4549 sarit
1530 4500 1688 4564 quaerendi,
1722 4509 1754 4552 ut
1773 4505 1912 4566 tinniat,

736 4559 810 4620 Vlll,
828 4560 937 4624 cap.de
955 4559 1122 4630 cognatione
1139 4567 1296 4630 tenporum
1347 4597 1372 4613 ..
1405 4571 1436 4615 at
1469 4566 1549 4616 etiarn
1586 4566 1659 4633 apnd
1696 4568 1817 4623 Graecos
1852 4571 1912 4634 σίζει

735 4644 764 4694 p.
781 4629 833 4676 sla
851 4644 910 4693 sqq.
924 4628 956 4680 P.
1345 4622 1361 4680 ὀ
1471 4626 1508 4697 ’,
1542 4628 1673 4698 ἔκλαγξαν
1695 4628 1720 4686 δ’
1744 4630 1789 4703 oip'
1814 4633 1911 4704 ὀϊστοί,

769 4696 795 4743 2.
830 4702 859 4746 at
883 4694 953 4761 λίγξε
978 4688 1038 4764 βιός
1062 4695 1125 4761 ata]
1156 4696 1218 4759 „ua
1247 4696 1295 4750 lris
1345 4695 1417 4764 λγξε
1454 4695 1509 4765 eds,
1536 4699 1675 4769 φλοῖσβος.
1712 4701 1757 4755 Gi.
1775 4706 1813 4757 de
1833 4708 1911 4759 seris.

735 4759 830 4811 verbis
855 4760 1021 4825 Quintilian.
1048 4762 1076 4824 I,
1105 4767 1122 4814 a
1146 4763 1212 4830 [72]
1237 4765 1294 4818 ita:
1346 4780 1371 4815 σ.
1393 4769 1433 4831 10,
1449 4765 1463 4833 5
1479 4772 1505 4818 ⁶.

737 4829 848 4880 Minima
865 4828 940 4879 notis
960 4846 1082 4881 concessa
1101 4838 1141 4882 ert
1160 4825 1295 4896 ὀνοματο-
1378 4849 1425 4885 nee
1447 4835 1506 4886 alls
1525 4851 1641 4903 persoaa
1659 4853 1708 4889 nee
1727 4840 1836 4908 modas]
1858 4841 1912 4893 nur

733 4893 821 4947 ποιΐα.
858 4895 923 4960 Quis
940 4897 1007 4948 enirn
1023 4899 1109 4958 ferat,
1134 4899 1239 4965 siquid
1257 4902 1295 4951 si·
1345 4902 1527 4966 repetendum
1555 4908 1616 4955 erat
1643 4920 1797 4970 pronomen
1828 4911 1910 4972 adas,

733 4965 795 5016 mile
818 4964 874 5015 illie
893 4965 984 5015 mento
1006 4964 1126 5015 laudatis
1141 4963 1211 5031 λίγξε
1232 4963 1293 5033 βιὸς
1343 4974 1393 5020 aut
1418 4969 1600 5023 omittendam
1628 4972 1689 5023 loco
1716 4975 1821 5040 priore.
1862 4976 1911 5028 Sic
1972 4995 1975 5036 ξ

733 5040 759 5085 et
781 5030 844 5094 σίζει
868 5024 1029 5098 ὀφθαλμὸς,
1056 5032 1165 5099 fingere
1188 5036 1291 5087 aadea-
1340 5036 1514 5103 praepositio
1534 5038 1578 5090 laia
1597 5041 1725 5106 ponenda
1746 5045 1839 5096 semel
1860 5061 1910 5113 pc-

730 5099 809 5153 snsss?
831 5100 918 5151 Plura
933 5099 995 5149 loca
1009 5103 1135 5149 veterum
1149 5115 1291 5166 gramma·
1340 5102 1417 5154 nitur
1443 5123 1466 5156 c.
1490 5110 1541 5170 Ὦ,
1569 5106 1583 5171 ᾗ
1608 5114 1634 5158 t.
1661 5116 1687 5162 et
1710 5111 1745 5163 iss
1769 5113 1861 5166 assiae
1885 5121 1910 5167 et

731 5168 849 5219 ticosunr
872 5168 906 5219 do
930 5166 985 5218 hoc
1003 5166 1175 5219 Graecorum
1199 5170 1287 5221 ostili·
1338 5172 1458 5238 passivo.
1973 5171 1979 5222 l

625 5291 627 5296 ¹
728 5234 772 5286 oio
796 5235 914 5303 collegit
933 5234 1066 5286 Clas-laius
1088 5237 1122 5288 ad
1146 5235 1227 5289 lliud.
1251 5232 1286 5303 δ’,
1370 5241 1398 5289 3.
1437 5233 1580 5307 ἐνέμφθην
1614 5243 1657 5294 cel
1690 5242 1906 5316 νεμφθήσομαι]

625 5299 643 5375 ᾗ
727 5305 808 5354 455.“
830 5304 914 5357 Zara.
936 5332 971 5343 -
996 5302 1101 5357 Contra
1121 5303 1286 5359 Priscianus
1336 5304 1426 5360 luno
1446 5301 1578 5374 ἐνὲμθην
1597 5310 1641 5364 sel
1656 5308 1855 5380 κριθήσομαι.
1977 5355 1987 5528 p
