5092 6425
608 860 611 865 ⁴
647 890 700 934 ιιι
1092 856 1426 927 PROLEGOMENA„

655 1035 846 1098 amianarum,
865 1047 918 1084 uon
936 1029 1040 1084 deletis
1056 1029 1154 1084 naevis
1171 1030 1221 1082 sed
1239 1028 1320 1082 noris
1336 1025 1488 1096 inspersls3
1504 1029 1533 1077 et
1544 1021 1780 1090 Hieronymus
1796 1021 1873 1074 Val-

656 1121 733 1189 pius
756 1116 897 1171 Patavii
923 1133 949 1169 e.
972 1116 1212 1169 Muccxxxwl.
1238 1132 1272 1166 ex
1294 1113 1416 1167 editione
1434 1109 1627 1171 Gronoriena,
1656 1109 1691 1159 ed
1717 1107 1873 1175 marginem

656 1204 788 1258 iudicatis
807 1201 892 1254 buius
910 1201 1037 1270 paginis,
1068 1199 1296 1268 transscripsisse
1313 1203 1399 1254 verba
1416 1195 1597 1250 Macrobiaua
1611 1192 1710 1261 paucis
1727 1193 1799 1245 locis
1815 1210 1874 1244 mn-

657 1297 715 1343 tete
733 1308 767 1342 ex
784 1288 886 1341 Aldina
903 1289 950 1341 vel
967 1305 982 1339 e
1001 1286 1194 1354 Stephaniene
1214 1287 1266 1352 ¹⁶).
1301 1284 1372 1349 Nee.
1390 1281 1558 1335 Heinsius
1577 1285 1606 1331 et
1627 1279 1717 1330 Petr.
1739 1277 1875 1330 bambe-

657 1376 744 1437 cius‚
771 1390 841 1440 quos
858 1372 886 1424 in
902 1373 1047 1425 Macrobio
1066 1372 1238 1425 emendando
1255 1371 1329 1422 baud
1347 1385 1446 1437 parurn
1469 1380 1572 1434 operae
1588 1363 1731 1429 studiique
1749 1364 1877 1429 posuisse

658 1476 691 1515 ex
709 1460 783 1512 libro
802 1459 847 1509 Vl·
867 1457 1126 1511 denintunam.
1149 1475 1176 1525 p.
1198 1460 1259 1508 266.
1284 1456 1371 1507 refert
1388 1452 1536 1506 Fabricius
1553 1449 1629 1501 Bibl.
1650 1448 1712 1500 bat.
1735 1455 1802 1501 tom.
1826 1448 1877 1512 lll,

658 1561 684 1611 p.
715 1546 786 1606 leb,
816 1558 898 1595 curas
928 1560 993 1596 suas
1025 1543 1099 1596 iutra
1128 1542 1249 1610 parietes
1269 1540 1457 1592 cohibuerunt
1486 1552 1575 1603 neque
1601 1534 1750 1602 quisquam
1779 1539 1878 1600 postea

659 1644 707 1681 eas
729 1627 832 1680 emisit.
867 1627 978 1680 Primus
996 1645 1065 1697 ergo
1083 1626 1131 1693 qui
1153 1631 1215 1694 post
1232 1624 1403 1677 Gronovium
1423 1624 1458 1676 ad
1477 1620 1650 1674 Macrobium
1674 1618 1878 1670 emendandum

658 1719 742 1781 etque
759 1713 998 1780 interpretandum
1017 1712 1125 1780 aliquid
1146 1710 1310 1772 contulerit,
1342 1706 1671 1761 tuit1.c.zeenies=
1698 1709 1729 1755 at
1748 1702 1789 1766 is,
1817 1719 1878 1753 cum

659 1798 798 1866 Lipsiae
818 1796 1036 1851 MDCCIrXXlV.
1056 1800 1095 1865 (a)
1112 1797 1169 1850 iam
1184 1793 1381 1849 G-ronorianae
1397 1791 1530 1845 editionis
1548 1791 1644 1858 aliqua
1661 1804 1727 1857 pars
1742 1791 1819 1839 esset
1834 1792 1879 1855 ty-

660 1882 704 1951 pis
719 1881 874 1950 descripte,
894 1884 929 1935 ad
944 1899 1015 1950 opus
1034 1882 1154 1936 accessit
1170 1898 1236 1934 casu
1255 1879 1348 1948 magis
1365 1894 1449 1945 quam
1472 1876 1606 1942 consilio,
1627 1874 1742 1927 minime
1759 1887 1879 1940 praepa-

661 1974 749 2034 ratus,
767 1987 818 2021 nec
838 1967 893 2020 nisi
910 1967 1041 2021 editionis
1059 1967 1235 2021 coloniensis
1253 1965 1305 2017 lll.
1325 1962 1479 2031 exemplari
1499 1962 1613 2015 adiutus
1629 1962 1681 2026 Π),
1699 1959 1745 2011 cni
1762 1959 1878 2010 nimiam

660 2054 761 2107 babuit
777 2053 878 2117 fidem,
897 2059 927 2106 ιιι
945 2068 1029 2121 saepe
1047 2070 1081 2108 aa
1097 2051 1254 2107 revocanda
1270 2066 1332 2102 esse
1350 2055 1478 2101 censeret
1493 2064 1564 2115 quae
1581 2044 1709 2105 codicum
1727 2060 1795 2096 mss.
1812 2059 1880 2096 auc-

663 2180 1069 2196 Μ

732 2245 775 2306 ¹⁶)
793 2240 824 2294 F.
841 2243 873 2294 A.
892 2243 1039 2297 libertus
1063 2245 1153 2299 refert
1169 2242 1360 2297 tantummodo
1378 2241 1412 2295 ad
1438 2239 1567 2294 libellum
1586 2240 1619 2291 de
1637 2237 1696 2306 diff.
1713 2243 1739 2290 et
1760 2251 1812 2287 soc.
1832 2235 1879 2286 Gr.

664 2311 776 2378 bot-que
795 2312 868 2363 verbi
890 2312 1001 2364 additas
1019 2329 1083 2366 esse
1102 2312 1243 2380 Opsopoci
1262 2319 1290 2363 et
1306 2309 1425 2362 Ponteni
1444 2308 1654 2370 adnotationes,
1683 2304 1731 2356 sed
1750 2303 1782 2354 F.
1800 2302 1831 2354 L.
1851 2304 1881 2354 d.

662 2377 908 2447 Schweigerus
936 2381 1061 2433 adiectas
1086 2398 1149 2432 esse
1176 2388 1256 2433 notas
1280 2379 1413 2430 editionis
1433 2376 1499 2429 anni
1520 2374 1681 2428 uacbxx.
1715 2372 1747 2424 ln
1769 2371 1812 2422 ed.
1831 2369 1881 2432 Bi-

663 2452 738 2512 pont.
757 2447 876 2513 legiter:
892 2447 969 2514 „Qui
988 2449 1061 2501 beno
1078 2448 1229 2502 editionem
1247 2447 1369 2509 curavit,
1388 2445 1578 2512 Hieronymus
1595 2441 1722 2508 Vulpius,
1739 2438 1819 2490 basin
1840 2438 1882 2489 fe-

663 2513 703 2563 cit
719 2513 869 2565 editionem
886 2515 943 2566 lac.
960 2515 1094 2569 Gronorii
1112 2532 1157 2567 an.
1178 2520 1262 2578 retu,
1279 2531 1341 2565 cem
1360 2529 1415 2579 qua
1434 2511 1553 2564 contulit
1568 2511 1697 2562 Aldinam
1714 2513 1742 2557 et
1755 2505 1883 2572 Stepha-

662 2579 789 2642 aionem,
815 2581 943 2634 adiunxit
966 2598 1033 2634 vero
1053 2590 1134 2635 notas
1153 2582 1271 2634 Pontani
1295 2587 1324 2633 et
1341 2581 1492 2648 Opsopoei.
1526 2579 1558 2630 lu
1578 2577 1750 2645 praefatione
1767 2574 1831 2642 agit
1848 2574 1883 2625 de

663 2663 715 2699 usu
734 2648 870 2700 librorum
888 2650 1027 2701 Macrobii
1042 2656 1071 2702 et
1089 2651 1124 2701 de
1142 2649 1396 2717 praestantioribus
1413 2647 1565 2701 eorundem
1582 2644 1781 2697 editionibus.“

734 2716 777 2779 Η)
797 2715 949 2768 Zeunius
972 2716 1033 2785 ipse
1055 2718 1083 2769 in
1104 2718 1290 2784 praefatione:
1320 2716 1410 2781 „Cum
1429 2713 1624 2776 Gronoviane,
1652 2711 1757 2778 inquit,
1784 2708 1881 2771 editio,

663 2797 746 2848 quam
763 2782 855 2834 adbuc
874 2785 1009 2850 optimam
1029 2785 1216 2849 habebamus,
1244 2785 1292 2837 vix
1310 2791 1406 2851 posset
1424 2782 1557 2851 reperiri,
1583 2799 1645 2832 cum
1665 2781 1728 2846 ipsa
1744 2778 1884 2845 l'ulpiana

665 2886 703 2930 ..3
723 2855 799 2901 certe
817 2850 862 2903 bis
881 2853 908 2903 in
927 2853 1012 2904 terris
1030 2853 1179 2905 admodum
1198 2859 1274 2904 esset
1295 2869 1373 2904 rara:
1401 2851 1480 2904 illam
1500 2852 1552 2902 sub
1573 2849 1657 2900 finem
1678 2846 1797 2915 proximi
1817 2845 1884 2896 unni

663 2918 819 2984 bibliopola
836 2919 950 2985 quidem
968 2928 1080 2973 exterus
1099 2921 1155 2972 bac
1173 2919 1236 2987 ipsa
1255 2921 1283 2972 in
1302 2922 1371 2971 urbe
1388 2919 1464 2987 typis
1483 2918 1661 2984 repetendam
1678 2914 1797 2966 curavit.
1831 2913 1885 2964 Ve-

664 3001 726 3037 rum
745 3002 798 3036 nou
816 2986 856 3038 ita
873 2989 961 3039 multo
976 2996 1039 3055 post
1058 2989 1178 3040 consilio
1196 2996 1317 3053 mutatu,
1334 2988 1434 3055 quibus
1452 2985 1598 3037 decausis
1616 2983 1721 3047 nescio,
1737 2981 1781 3032 ius
1801 2996 1883 3033 suum

665 3054 804 3106 concessit
827 3053 968 3122 Lipsiensi
992 3055 1079 3108 biblio
1101 3058 1172 3108 olae.
1207 3057 1263 3107 llic
1283 3055 1386 3124 igitur,
1417 3071 1478 3106 cum
1499 3052 1617 3104 dimidia
1639 3053 1696 3104 iam
1721 3066 1784 3114 pars
1809 3055 1886 3101 essct

665 3120 803 3184 confecta,
822 3139 881 3173 rem
899 3123 969 3175 mibi
990 3131 1110 3190 aperuit,
1128 3123 1281 3190 petiitque,
1299 3129 1344 3187 ut,
1362 3123 1386 3174 si
1404 3123 1471 3189 quid
1491 3123 1638 3185 haberem,
1657 3134 1730 3171 nunc
1748 3133 1816 3168 suae
1835 3117 1885 3169 ad·

665 3188 758 3241 darem
777 3189 903 3244 editioni.
937 3191 1074 3259 Equidem
1093 3208 1260 3259 quamquam
1280 3208 1342 3243 cum
1362 3189 1482 3243 eliorum
1502 3189 1677 3259 negotiorum
1701 3184 1886 3252 occupatione

665 3262 725 3309 tum
746 3257 875 3311 Terentii
894 3260 994 3312 edendi
1015 3277 1101 3313 causa
1122 3260 1260 3311 distentus
1284 3260 1413 3312 tenebar:
1434 3296 1458 3311 ..
1480 3257 1666 3310 conditionem
1691 3255 1817 3305 oblatam
1841 3271 1886 3306 re·

666 3325 739 3393 cepi,
758 3326 929 3394 promisique
950 3328 1058 3395 aliquot
1076 3329 1188 3381 notulas
1206 3344 1278 3394 quae
1298 3326 1427 3394 inprimis
1443 3327 1477 3379 ed
1496 3326 1648 3377 lectionum
1666 3322 1803 3374 rationem
1822 3338 1887 3388 per-

665 3394 797 3460 tinerent,
813 3412 857 3447 me
876 3396 1036 3449 additurum
1054 3412 1125 3448 esse.
1159 3396 1261 3447 Verum
1281 3403 1424 3462 postquem
1442 3395 1574 3462 pinguius
1589 3393 1667 3459 ipsas
1684 3390 1824 3441 curiosius
1843 3390 1887 3440 in-

666 3462 760 3528 spexi,
787 3464 1028 3532 animadvertique
1050 3482 1104 3517 noa
1128 3464 1210 3516 modo
1229 3480 1299 3531 quae
1320 3462 1526 3515 Gronovienam
1548 3462 1709 3512 obsiderent
1732 3457 1887 3510 editionem

665 3546 814 3595 operarum
831 3531 910 3593 vitia,
928 3539 1057 3599 tenquem
1079 3548 1160 3586 sacre
1177 3532 1320 3599 mysteria,
1336 3548 1408 3598 quae
1425 3529 1550 3597 profanis
1569 3528 1696 3580 manibus
1712 3532 1888 3577 contrectare

666 3596 746 3647 nefus
764 3597 915 3661 habeatur,
939 3617 1002 3651 esse
1020 3600 1133 3663 relicta,
1156 3600 1322 3663 sedetiam,
1344 3604 1375 3649 ut
1390 3599 1451 3649 fere
1468 3598 1521 3659 sit,
1545 3596 1601 3647 nisi
1619 3597 1710 3662 Argus
1724 3594 1888 3645 oculatissi-

666 3680 729 3714 mus
746 3680 895 3731 operarum
912 3666 1057 3719 laboribus
1077 3667 1221 3735 invigilet,
1251 3683 1385 3718 novorum
1408 3667 1508 3717 nubem
1531 3664 1697 3730 irrepsisse=
1727 3661 1821 3727 coepit
1842 3678 1888 3713 me

666 3730 1364 3869 illul*'‘llllulzlls‘lll”stillaetl
1380 3750 1482 3853 iiiiii
1497 3731 1686 3867 liliati
1704 3730 1779 3848 {ll
1798 3736 1887 3863 “ill

656 3872 797 3933 ¹propter,
816 3871 846 3918 ut
864 3872 980 3934 atquae
999 3870 1142 3921 restabant
1159 3877 1340 3923 servarentur
1358 3870 1505 3938 plagulae,
1523 3874 1551 3919 et
1570 3884 1642 3932 quae
1660 3866 1717 3917 iam
1737 3865 1889 3917 commissa

668 3940 747 4015 erant
762 3933 848 4015 qitia,
870 3942 1002 4001 quantum
1020 3935 1082 3988 fieri
1101 3942 1224 4003 poterat,
1241 3938 1396 3990 lenirentur
1411 3942 1643 4001 notarenturque,
1659 3935 1733 3985 banc
1750 3932 1889 3984 rationem

667 4006 795 4070 rustrtur,
819 4010 851 4054 nt
870 4002 932 4069 ipss
952 4002 1016 4056 inde
1039 4019 1055 4055 a
1077 4004 1151 4056 libro
1174 4004 1270 4071 quinto
1290 4005 1515 4058 Saturnaliorum
1542 4010 1639 4054 vetera
1662 4001 1732 4054 vitia
1754 4001 1889 4066 delerem,

667 4069 770 4121 melius
789 4070 1001 4140 distinguerem,
1021 4088 1100 4123 suum
1118 4071 1218 4139 cuique
1237 4074 1298 4125 loco
1317 4072 1430 4125 laudato
1446 4088 1607 4133 numerum,
1626 4085 1688 4120 eam
1707 4070 1741 4119 ad
1762 4068 1890 4121 diverso·

667 4154 729 4189 rum
746 4146 890 4192 auctorum
911 4141 973 4193 loce
992 4139 1079 4192 facile
1096 4141 1295 4206 discernenda,
1321 4146 1379 4192 tum
1396 4140 1515 4193 eliorum
1532 4138 1704 4206 quorundam
1729 4138 1890 4188 commodo·

667 4223 729 4258 rum
748 4207 857 4275 gratia,
873 4208 1072 4260 adscriberem.
1083 4244 1109 4259 ..
1145 4209 1185 4260 llo
1207 4207 1463 4275 observationibus,
1480 4206 1649 4258 lectionibus
1663 4210 1692 4255 et
1709 4203 1890 4271 coniecturis,

667 4292 718 4326 scu
737 4293 900 4343 quocunque
918 4276 1030 4329 nomiae
1047 4276 1192 4343 appellere
1211 4276 1263 4328 tibi
1281 4276 1412 4340 libuerit,
1433 4290 1501 4342 quas
1518 4273 1630 4336 addidi,
1651 4287 1818 4338 quemquern
1837 4290 1890 4326 non

667 4343 1392 4476 liulfi*,libituilultllellblltll:
1402 4340 1890 4463 llll?‘lln'lil'’⁸0ll¹²:llll

668 4474 796 4556 utiantq
810 4475 883 4538 dixi,
911 4477 946 4527 ad
965 4493 1025 4529 rem
1043 4479 1219 4539 accederem,
1245 4478 1308 4530 ficri
1327 4495 1379 4530 non
1398 4478 1501 4545 potuit,
1520 4476 1574 4529 nisi
1595 4476 1624 4528 in
1642 4446 1719 4528 tex’tu
1738 4447 1892 4540 Ciceronis:

670 4548 697 4594 et
721 4558 750 4623 sq
770 4543 868 4623 libello
890 4543 989 4597 ultimo
1011 4544 1046 4597 de
1070 4545 1240 4598 differentiis
1258 4546 1338 4598 verbi
1357 4545 1459 4597 Graeci
1479 4552 1507 4597 et
1525 4543 1630 4596 belini.
1665 4544 1696 4594 ln
1715 4542 1776 4594 illis
1797 4549 1893 4596 autem

668 4611 799 4675 lnprsmrs
819 4610 958 4676 spectari,
985 4618 1016 4665 ut
1033 4614 1094 4667 loca
1115 4620 1245 4680 corrupta
1262 4614 1448 4666 collectione
1468 4613 1599 4680 entique,
1628 4625 1714 4677 uque
1732 4627 1787 4661 non
1804 4613 1894 4664 semel

669 4676 853 4759 Stephanum,
871 4695 953 4743 quem
970 4689 1084 4734 secutus
1100 4687 1143 4733 est
1160 4680 1333 4744 Gronovius,
1349 4687 1455 4733 temere
1472 4681 1626 4733 recessisse
1643 4678 1830 4745 deprehendi,
1848 4682 1895 4733 vel

670 4751 841 4797 coniecturas
858 4762 874 4795 e
891 4746 1003 4827 legibus
1020 4747 1144 4815 linguae,
1164 4766 1217 4801 usu
1234 4749 1372 4802 Macrobii
1390 4755 1419 4801 et
1436 4749 1570 4801 orationis
1590 4746 1664 4798 serie
1682 4745 1781 4813 petitis
1799 4764 1898 4799 emen·

671 4813 821 4879 darentur,
847 4815 1057 4879 praetermissis
1079 4816 1150 4867 loeis
1173 4815 1210 4867 iis
1227 4834 1299 4883 quan
1318 4818 1374 4869 iem
1397 4823 1445 4870 eut
1462 4833 1480 4869 a
1497 4817 1623 4868 Pontano
1640 4820 1689 4866 aut
1705 4814 1831 4867 Meorsio
1846 4820 1896 4868 aut

671 4880 813 4963 §ronoyio
835 4879 907 4933 satis
932 4881 1064 4934 restituto
1086 4884 1262 4935 videbantur.
1298 4884 1359 4937 Nisi
1379 4884 1469 4951 igitur
1490 4883 1621 4953 angustia
1644 4880 1779 4948 temporis
1803 4900 1895 4936 essem

671 4948 841 5013 impeditus,
870 4964 966 5001 omnes
990 4948 1102 5001 omnino
1121 4950 1257 5002 editiones
1273 4952 1425 5018 Macrobii,
1449 4950 1492 5003 uti
1510 4967 1527 5004 a
1546 4949 1686 5018 principio
1707 4948 1896 5017 decreveram,

672 5015 871 5067 excussissem.
907 5015 1008 5067 Verum
1025 5018 1132 5069 nullam
1149 5016 1204 5069 uisi
1222 5018 1372 5071 editionem
1389 5022 1519 5086 alteram,
1536 5035 1607 5085 quae
1623 5034 1691 5069 cura
1708 5018 1825 5070 Arnoldi
1842 5019 1896 5070 Ve-

671 5083 820 5165 selieqsis,
829 5083 969 5166 viridanti
986 5088 1014 5135 et
1025 5084 1249 5153 diligentissimi,
1320 5086 1453 5139 coloniae
1461 5087 1633 5155 Agrippinae
1646 5102 1718 5137 anno
1729 5086 1895 5138 muxxvn.

671 5151 1042 5272 qrodrrt,1esprceromibi
1060 5153 1157 5217 licuit;
1181 5168 1262 5219 quum
1280 5153 1329 5207 bic
1346 5154 1538 5208 diditionem
1557 5160 1708 5205 veterem
1728 5154 1852 5205 diximus
1871 5190 1896 5206 ..

690 5220 743 5271 nde
765 5218 908 5273 variantes
934 5219 1087 5283 lectiones,
1114 5237 1185 5287 qaae
1207 5220 1321 5287 quidem
1343 5222 1465 5275 alicuius
1487 5222 1621 5276 momenti
1639 5238 1701 5274 esse
1719 5221 1895 5288 videbantur,

561 5316 591 5387 ν
674 5289 791 5341 necdum
806 5289 841 5342 ab
860 5284 927 5344 aliis
942 5288 1142 5358 interpretibus
1161 5294 1323 5357 occupatae,
1342 5290 1478 5360 collegi.“
