5092 6425
846 1476 1080 1574 Mdblillllll
1121 1473 1356 1572 llllBRllSll
1400 1476 1656 1579 'lllEllllllSll

1133 1664 1164 1704 V.
1186 1665 1213 1705 C·
1238 1665 1279 1705 ET
1302 1665 1364 1707 utu.

710 1792 1790 1909 COMMENTARIORUM

954 1997 1003 2064 IN
1033 1993 1265 2063 SOMNIUM
1301 1994 1548 2067 SCIPIONIS

1049 2147 1211 2224 LIBER
1241 2149 1453 2226 PRIMUS.

665 2440 689 2502 Ι.
728 2436 829 2504 Inter
845 2432 982 2497 Platonis
1000 2438 1031 2497 et
1050 2431 1207 2498 Ciceronis
1227 2432 1330 2511 libros,
1347 2454 1426 2519 quos
1447 2434 1485 2499 de
1506 2435 1678 2521 republica
1698 2443 1857 2526 uterquel

664 2522 839 2596 constituit,
860 2516 1007 2582 Eustachi
1030 2515 1087 2592 fili,
1105 2517 1186 2583 vitae
1207 2517 1283 2582 milri
1305 2518 1435 2584 dulcedo
1478 2521 1571 2585 ariter
1588 2527 1620 2586 et
1658 2522 1750 2601 loris,
1771 2525 1831 2591 hoc

664 2609 812 2671 interesse
834 2602 932 2689 prima
955 2602 1055 2699 fronte
1076 2601 1304 2698 perspeximus,
1331 2604 1416 2751 puod
1437 2542 1489 2670 ille
1511 2626 1576 2670 rem
1598 2543 1752 2691 publicam
1780 2632 1830 2676 or·

664 2691 793 2766 dinavit,
815 2689 865 2752 hic
885 2687 1005 2751 retulit:
1027 2686 1105 2750 ulter
1124 2686 1223 2772 qualis
1244 2708 1311 2752 esse
1352 2689 1471 2765 eborei,
1494 2691 1572 2755 alter
1590 2692 1690 2776 qualis
1711 2702 1830 2761 essetn

663 2775 831 2841 maioribus
852 2772 1006 2848 institute,
1040 2771 1193 2836 disseruit.
1238 2773 1275 2835 ln
1297 2772 1356 2837 hoc
1376 2782 1481 2839 tomen
1501 2779 1550 2842 vel
1573 2777 1705 2841 maxime
1727 2781 1860 2864 operis2

663 2859 896 2926 similitudinem
925 2855 1057 2921 servavit
1086 2855 1232 2932 imitatio,
1266 2858 1367 2940 quod,
1400 2880 1470 2927 cum
1491 2860 1580 2925 Plato
1605 2861 1637 2925 in
1665 2863 1830 2930 voluminis

662 2945 897 3012 conclusiones
918 2942 1053 3028 quodum
1074 2940 1155 3006 vitae
1181 2940 1315 3019 reddito,
1353 2963 1446 3028 quum
1471 2945 1632 3030 reliquisse
1658 2947 1827 3028 ridebatur,
1841 2968 1880 3037 [s]

1019 3092 1103 3155 [Mss.
1122 3091 1432 3148 Burrusemsuuss.
1468 3095 1539 3149 Edd.
1556 3096 1762 3168 viculrgspdsb.

733 3181 787 3233 lnci
806 3181 827 3233 it
848 3177 977 3231 Macrobii
996 3178 1126 3230 Ambrosii
1143 3178 1172 3229 in
1189 3178 1260 3229 idem
1278 3179 1406 3231 somnium
1421 3186 1562 3233 comissum
1579 3183 1644 3234 liber
1659 3185 1762 3251 primus
1779 3183 1831 3235 Rs.

663 3251 793 3302 Macrobii
810 3248 939 3299 Ambrosii
958 3247 1099 3297 'Ilseodosii
1117 3247 1172 3297 VC.
1189 3253 1214 3296 et
1232 3247 1276 3295 lli.
1298 3247 1411 3297 cumin
1427 3249 1531 3299 somnio
1551 3249 1681 3315 Scipionis
1696 3252 1728 3301 B.
1765 3252 1830 3302 Mss-

662 3318 743 3369 crobii
762 3316 891 3368 Ambrosii
912 3314 1052 3365 Theodosii
1075 3314 1127 3364 uiri
1146 3313 1215 3363 clari
1237 3320 1262 3364 ct
1282 3313 1395 3365 illustris
1413 3316 1598 3367 commentaris
1620 3332 1655 3367 es
1680 3319 1831 3370 Cicerone

661 3387 690 3436 in
707 3385 834 3434 somnium
854 3382 984 3449 Scipionis
1001 3381 1130 3447 incipiunt
1146 3378 1212 3430 Cod.
1232 3383 1249 3429 2
1266 3378 1380 3432 Burthii
1399 3382 1527 3442 [Advers.
1543 3385 1587 3446 81,
1602 3386 1666 3443 η).
1702 3385 1832 3437 Macrobii

664 3452 794 3502 Ambrosii
819 3451 957 3501 'ltreodosii
982 3450 1012 3498 V.
1039 3449 1067 3499 C.
1091 3448 1165 3498 etin
1188 3447 1219 3497 ll·
1243 3456 1387 3500 commenta
1410 3466 1447 3499 es
1473 3450 1627 3501 Cicerone
1651 3452 1680 3502 in
1701 3453 1830 3503 somnium

664 3519 796 3587 Scipionis
815 3517 927 3582 Fragm.
947 3517 1033 3566 Gron.
1072 3516 1127 3566 lnci
1146 3516 1167 3566 it
1185 3516 1362 3567 Commentum
1382 3516 1512 3568 Macrobii
1527 3518 1658 3569 Ambrosii
1680 3520 1829 3571 Menicri-

660 3588 705 3637 sis
724 3588 774 3637 Rl.
813 3584 942 3636 Macrobii
961 3584 1090 3634 Ambrosii
1138 3583 1335 3634 riniocenss's
1358 3584 1386 3635 in
1404 3585 1532 3635 somnium
1552 3585 1685 3653 Scipionis
1700 3604 1829 3639 commen·

661 3655 760 3705 tarium
781 3654 874 3719 incipit
895 3649 963 3701 cod.
989 3654 997 3698 1
1024 3648 1138 3700 Burthii
1161 3650 1178 3699 l.
1202 3666 1226 3699 c.
1281 3651 1409 3703 Macrobii
1425 3652 1557 3704 Ambrosii
1579 3654 1608 3703 V.
1632 3655 1660 3706 C.
1681 3661 1707 3708 et
1731 3656 1779 3706 lnl.
1800 3655 1830 3706 in

661 3723 789 3772 somnium
810 3720 941 3785 Scipionis
959 3718 1023 3767 liber
1044 3718 1144 3783 primus
1164 3719 1205 3768 ssd
1225 3718 1436 3771 Eustochium
1452 3720 1566 3783 silium
1588 3721 1681 3789 incipit
1695 3722 1831 3788 foeliciter

659 3789 715 3839 SG.
753 3788 882 3839 Macrobii
899 3785 1029 3835 Ambrosii
1047 3785 1186 3835 'l'beodosii
1208 3787 1237 3835 V.
1256 3784 1288 3834 G.
1307 3794 1332 3838 et
1348 3787 1460 3839 illustris
1478 3787 1511 3838 de
1527 3805 1625 3840 somno
1647 3791 1778 3857 Scipionis
1793 3790 1829 3841 li·

658 3857 703 3905 ber
719 3856 812 3921 incipit
825 3854 941 3918 feliciter
959 3852 1005 3902 Po.
1048 3852 1143 3919 lncipit
1161 3853 1226 3903 liber
1245 3853 1373 3905 Macrobii
1391 3870 1468 3921 super
1485 3856 1611 3906 somnium
1633 3857 1765 3925 Scipionis
1781 3856 1829 3909 VS.

661 3924 791 3974 Macrobii
806 3919 936 3973 Aurelii
957 3920 1096 3970 'l'beodosii
1117 3920 1147 3970 V.
1168 3921 1196 3971 C.
1217 3927 1241 3971 et
1258 3921 1371 3972 illustris
1390 3923 1418 3971 in
1437 3923 1564 3972 somnium
1582 3923 1714 3988 Scipionis
1735 3941 1829 3992 erps-

658 3991 792 4041 sitionis
809 4005 900 4055 quum
921 3987 1190 4055 elegantissimas
1212 3987 1278 4037 liber
1295 3990 1397 4054 primns
1412 3987 1498 4039 leic
1522 3992 1554 4051 (n
1571 3990 1772 4054 expositionum
1793 3991 1829 4041 li·

657 4058 703 4106 ber
724 4058 760 4117 l.‚·
783 4057 823 4123 lig
841 4055 968 4117 'Aurelii,
990 4054 1063 4105 etin
1083 4070 1173 4121 marg.
1191 4054 1346 4118 Ambrosii).
1396 4055 1524 4105 Aurelii
1549 4054 1678 4105 Macrobii
1698 4056 1830 4107 Ambrosii

660 4125 802 4174 'l'beodosii
828 4124 858 4173 V.
883 4124 911 4173 C.
934 4131 958 4174 et
980 4122 1101 4175 inlustris
1123 4122 1172 4185 (sb
1194 4121 1314 4187 illustr.)
1338 4121 1546 4172 commentarius
1567 4136 1603 4172 es
1630 4122 1781 4173 Cicerone
1800 4124 1829 4175 in

661 4192 797 4241 Somnium
819 4191 952 4256 Scipionis
971 4190 1036 4242 liber
1052 4190 1154 4256 primus
1176 4188 1232 4238 s-ls.

726 4258 747 4307 l.
793 4259 877 4323 Caput
897 4258 918 4308 l.
956 4258 1030 4323 Quae
1050 4256 1202 4323 differentia
1220 4262 1245 4306 et
1262 4270 1331 4321 quus
1352 4253 1498 4304 similitudo
1516 4253 1551 4304 sit
1570 4253 1639 4304 inter
1659 4252 1779 4304 Plutonis
1796 4270 1828 4306 uc

662 4324 796 4375 Ciceronis
812 4325 845 4375 de
862 4326 995 4392 republica
1012 4326 1106 4385 libros3
1127 4339 1223 4389 curque
1239 4330 1287 4373 sut
1304 4322 1349 4371 ille
1366 4321 1493 4371 indicium
1511 4321 1575 4372 Eris
1594 4319 1665 4388 (ὡς
1682 4321 1761 4384 En),
1779 4331 1827 4376 aut

656 4392 700 4441 bic
718 4391 844 4441 somnium
865 4393 996 4459 Scipionis
1014 4392 1087 4457 operi
1109 4407 1156 4441 suo
1173 4390 1297 4441 asciverit
1318 4388 1395 4438 cli-l).
1436 4386 1482 4447 (ln
1500 4404 1517 4439 u
1539 4389 1616 4441 nulls
1637 4393 1680 4440 est
1702 4390 1827 4455 cupitum

656 4457 815 4521 distinctim
832 4459 860 4510 in
876 4477 890 4510 s
907 4460 1042 4521 „Summa
1059 4456 1192 4524 capitum,
1212 4462 1294 4522 prout
1312 4457 1397 4522 vulgo
1412 4456 1628 4507 commentarius
1645 4456 1827 4509 insomnium

655 4525 799 4592 Scipionis
817 4526 966 4579 distinctus
986 4527 1049 4577 cst“
1065 4525 1179 4576 sdditur
1194 4524 1222 4575 in
1240 4524 1405 4590 fine‚psgg.
1425 4525 1567 4582 loe-rou.)
1605 4571 1608 4580 ,
1718 4528 1742 4575 l.
1782 4527 1827 4577 Ci-

655 4595 820 4661 ceronisque
843 4610 866 4645 v.
891 4622 919 4633 -
943 4611 1007 4661 quos
1025 4594 1058 4643 de
1075 4592 1225 4657 republica
1247 4599 1356 4657 uterque
1373 4590 1509 4642 constituit
1526 4586 1826 4659 sormunt-gorch.

654 4667 796 4726 ‚‚qnntuor
814 4662 923 4728 scripti,
942 4662 1013 4727 quod
1033 4675 1086 4709 non
1105 4660 1197 4722 video,
1214 4676 1264 4709 cur
1283 4659 1397 4724 vulgato
1414 4656 1452 4708 sit
1468 4656 1719 4723 posthabendum.“
1740 4660 1826 4712 Grou.

654 4745 719 4794 quos
736 4737 845 4794 uterque
860 4731 893 4780 de
907 4746 929 4779 r.
946 4746 972 4795 p.
991 4727 1127 4779 constituit
1144 4725 1176 4775 B.
1212 4743 1276 4792 quos
1294 4727 1327 4777 de
1343 4742 1365 4775 r.
1381 4743 1409 4794 p.
1427 4732 1579 4791 utrumque
1596 4727 1746 4780 constitit
1763 4744 1826 4779 son·

654 4797 787 4846 stitnisse
806 4796 840 4845 H.
876 4813 939 4861 quos
953 4798 985 4847 de
999 4812 1020 4845 r.
1034 4812 1060 4861 p¹
1079 4802 1230 4859 utrumque
1249 4799 1280 4852 (v
1298 4800 1445 4859 utrunque,
1461 4793 1504 4842 1³2
1520 4809 1537 4844 u
1554 4807 1611 4844 soc.
1625 4809 1661 4843 m.
1675 4799 1825 4860 utrosque)

654 4865 840 4915 constituisse
860 4870 992 4914 constat
1014 4860 1194 4913 suumn-o.
1220 4887 1247 4897 —
1274 4862 1411 4912 liustutlsi
1432 4860 1515 4911 s-bP.
1537 4886 1570 4897 -
1591 4861 1694 4927 puriter
1715 4861 1825 4912 dulcedo

653 4931 735 4981 s-lsi'.
751 4960 785 4969 —
807 4930 1002 4996 prospeximus
1022 4929 1083 4980 v-lr.
1109 4955 1135 4966 -
1162 4928 1267 4980 debuit
1286 4927 1353 4978 libri
1373 4927 1485 4978 Boethii
1505 4928 1524 4977 l.
1545 4944 1568 4978 c.
1587 4954 1620 4965 -
1644 4945 1662 4979 ss
1682 4928 1827 4979 maioribus

653 5006 720 5049 essct
738 4998 789 5048 Rs.
806 5024 840 5034 —
856 4999 981 5048 ordinatu
998 4996 1073 5063 (sup.
1090 4995 1153 5047 ndd.
1166 5009 1182 5044 u
1194 5011 1249 5044 sec.
1264 5011 1301 5045 m.
1314 4996 1356 5046 uel
1366 4994 1502 5057 instituto)
1519 4994 1569 5044 Rl.
1721 4998 1746 5043 2.
1781 5002 1825 5045 tu-

652 5082 713 5116 men
732 5067 833 5116 etium
851 5065 893 5115 uel
915 5064 985 5116 Burs.
1005 5090 1039 5101 -
1063 5062 1188 5113 seruubit
1212 5061 1242 5111 F.
1265 5088 1300 5099 -
1323 5062 1460 5115 intentio
1484 5060 1561 5111 Foth
1579 5058 1632 5124 (El
1651 5076 1712 5122 sup.
1733 5061 1824 5112 imitu-

653 5133 715 5196 tio).
740 5160 775 5169 -
798 5133 826 5181 in
844 5133 941 5183 volum.
959 5130 1133 5195 conclusione]
1155 5128 1205 5180 lib.
1222 5127 1261 5189 X,
1284 5145 1310 5194 p.
1328 5132 1387 5181 614.
1411 5127 1510 5194 steph.
1531 5153 1566 5167 -
1586 5143 1604 5176 a
1626 5128 1740 5191 quodum
1763 5128 1825 5178 Eri

651 5200 725 5254 uitae
745 5199 851 5252 reddito
872 5199 945 5265 „bin
967 5198 1018 5251 Est
1033 5195 1082 5249 hic
1101 5198 1141 5249 Er
1162 5197 1313 5249 Platonicus
1333 5211 1416 5263 quem
1438 5194 1535 5247 codem
1556 5192 1611 5243 buc
1632 5191 1724 5258 cupito
1745 5191 1769 5257 [ᾗ
1786 5192 1822 5259 9.]
