5092 6425
715 876 736 923 x
1157 845 1491 919 ructuantium.

714 1025 848 1081 malorem
865 1033 932 1075 esse
950 1032 1031 1088 onan
1050 1030 1130 1085 quem
1148 1019 1242 1084 capiat
1258 1020 1396 1073 nominum
1413 1022 1540 1087 auditus,
1563 1022 1653 1074 audiri
1671 1025 1763 1074 tamen
1781 1025 1816 1076 ab
1834 1036 1870 1076 eo
1890 1028 1939 1090 qni

714 1111 886 1162 caelestibus
901 1107 1014 1158 intersit
1031 1105 1163 1173 secretis,
1181 1119 1253 1169 quae
1272 1108 1360 1157 verbs
1373 1107 1499 1159 nituntur
1517 1109 1626 1173 (somn.
1641 1109 1677 1172 V,
1693 1108 1733 1174 3.)
1751 1109 1861 1161 verbis:
1873 1101 1939 1165 'lloo

713 1196 801 1248 sortita
819 1193 940 1261 oppletae
959 1205 1037 1243 aures
1055 1191 1187 1242 bominum
1206 1190 1399 1263 obsurduerant
1422 1195 1478 1243 cet.

783 1278 870 1341 capp.
897 1277 965 1328 a-t.
993 1278 1027 1328 de
1052 1279 1130 1327 terra
1156 1275 1231 1341 agit,
1266 1289 1321 1339 qno
1346 1277 1486 1327 adducunt
1511 1275 1659 1328 ciceronis
1683 1274 1792 1341 (somn.
1815 1279 1868 1343 Vl,
1895 1280 1942 1346 1.)

713 1365 814 1416 verba:
839 1362 919 1414 Vides
938 1361 1056 1413 habitari
1073 1361 1101 1411 t'a
1119 1367 1190 1412 terra
1206 1360 1279 1411 raris
1296 1367 1321 1411 et
1338 1361 1464 1428 angustis
1481 1361 1545 1412 iocis
1563 1367 1635 1424 cet,
1658 1366 1742 1424 atque
1761 1362 1877 1424 primum
1896 1363 1937 1430 (a.

711 1449 752 1514 ὅ.)
767 1451 801 1499 de
818 1449 939 1513 quinque
956 1445 1077 1510 cingulis
1097 1447 1142 1494 vel
1160 1444 1244 1494 aonis
1261 1449 1290 1494 et
1306 1446 1341 1494 de
1357 1431 1497 1508 separatis
1514 1451 1597 1508 atque
1617 1436 1936 1509 interruptisbominum

711 1534 945 1597 habitationibus,
982 1543 1137 1595 quamnam
1155 1530 1274 1592 amplius
1293 1531 1416 1592 explicat
1435 1530 1531 1581 addita
1548 1527 1640 1595 figura
1661 1530 1718 1594 (cc.
1737 1533 1753 1580 6
1772 1535 1800 1581 et
1818 1531 1874 1598 7.),
1905 1535 1937 1585 et

711 1619 865 1670 occasione
883 1618 978 1668 oblata
995 1617 1035 1682 (c.
1052 1617 1092 1680 8.)
1112 1615 1298 1678 exponitque
1318 1617 1399 1665 modo
1417 1616 1555 1680 Virgilius
1572 1617 1694 1680 (Georg.
1712 1617 1734 1680 1,
1747 1616 1822 1680 1118.)
1839 1617 1936 1670 dicere

708 1703 804 1766 possit
820 1701 892 1753 solis
914 1702 985 1771 siam
1003 1707 1099 1752 sertam
1116 1713 1181 1751 esse
1196 1715 1244 1767 per
1259 1699 1352 1750 ambas
1368 1705 1462 1750 zonas
1481 1706 1667 1766 temperatas,
1697 1702 1816 1764 denique
1834 1700 1875 1767 (c.
1894 1703 1936 1769 1.)

709 1789 804 1840 addita
828 1784 920 1852 figura
937 1790 1028 1837 tentat
1045 1786 1178 1837 evincere
1202 1786 1289 1836 verba
1308 1783 1456 1835 Ciceronis
1476 1784 1583 1850 (somn.
1605 1785 1658 1850 Vl,
1682 1785 1736 1850 t.)s
1761 1787 1845 1837 omnis
1863 1794 1935 1839 terra

710 1860 778 1940 pace
796 1872 892 1924 colitur
908 1889 926 1923 a
943 1853 1015 1925 cobis
1029 1886 1116 1938 parva
1135 1870 1265 1938 quaedam
1286 1869 1444 1932 ert'iosala,
1467 1882 1523 1920 non
1541 1883 1627 1933 posse
1646 1870 1786 1936 intelligi,
1807 1871 1863 1920 nisi
1883 1873 1935 1922 ba·

708 1958 822 2009 beamus
840 1954 1160 2023 compertum,‚,gemino
1180 1954 1281 2005 oceani
1296 1952 1420 2005 ambitn“
1439 1957 1533 2006 terrae
1551 1968 1654 2017 corpus
1671 1967 1751 2005 omne
1766 1955 1933 2022 circumlini,

708 2055 792 2106 quum
809 2044 882 2093 alter
902 2054 974 2106 „per
991 2054 1093 2091 aonam
1113 2044 1206 2090 terrae
1230 2040 1347 2090 calidam
1364 2038 1473 2106 meet“,
1508 2041 1582 2091 alter
1605 2040 1734 2105 „sinibus
1752 2042 1786 2091 ab
1803 2041 1855 2092 iilo
1874 2042 1932 2093 ori-

707 2126 795 2191 ginali
810 2124 936 2178 relusis“
954 2127 988 2176 ad
1010 2125 1227 2188 septentrionem
1246 2129 1341 2187 atque·
1353 2125 1388 2175 ad
1406 2129 1531 2176 austrum
1554 2122 1693 2174 flectatur.

774 2212 830 2262 lam
849 2212 890 2275 (a.
909 2211 966 2275 to.)
984 2223 1016 2260 se
1032 2215 1203 2260 convertens
1220 2210 1254 2259 ad
1272 2210 1380 2273 (loma.
1400 2211 1451 2273 vl,
1470 2209 1509 2274 1.)
1527 2209 1630 2259 verba:
1650 2209 1694 2260 Es
1711 2208 1753 2259 lris
1769 2209 1836 2276 ipsis
1853 2208 1931 2261 coba

706 2294 827 2361 solisque
840 2296 918 2347 terris
932 2311 995 2345 oum
1010 2301 1058 2345 aat
1076 2300 1216 2345 tuom-'aot
1234 2294 1390 2360 cuiusquam
1407 2300 1525 2345 nostram
1541 2309 1635 2345 nomem
1656 2293 1699 2344 ael
1720 2294 1869 2344 Caucasum
1886 2325 1930 2344 ...

705 2381 889 2432 coascendere
905 2379 1006 2446 potait,
1035 2379 1165 2430 aetitiam
1189 2378 1305 2447 Gangen
1322 2385 1475 2440 tranatars,
1502 2383 1532 2429 et
1548 2377 1627 2444 (ibid.
1644 2378 1710 2444 Vll,
1726 2378 1766 2443 1.)
1782 2395 1835 2428 noa
1853 2377 1930 2429 modo

705 2479 758 2515 noa
775 2471 911 2516 aeternam
928 2463 974 2513 sed
988 2479 1022 2514 ne
1038 2464 1190 2514 diotamam
1209 2463 1312 2528 quidem
1329 2462 1447 2530 gloriam
1465 2463 1577 2529 adsequi
1590 2479 1737 2530 possamus,
1755 2464 1930 2513 demonstrat

705 2532 843 2598 bominum
869 2547 987 2611 gloriam
1012 2551 1041 2597 et
1065 2548 1157 2610 spatio
1184 2552 1213 2597 et
1240 2551 1365 2610 tempore
1390 2549 1535 2610 coerceri,
1571 2560 1634 2598 nam
1661 2535 1788 2597 mnndum
1820 2548 1928 2611 quidem

705 2637 848 2684 aeternum
866 2645 943 2698 esse,
959 2633 1008 2682 sed
1025 2645 1093 2697 „res
1110 2634 1242 2682 humanas
1260 2643 1295 2680 ex
1312 2636 1391 2694 parte
1406 2633 1524 2683 maxima
1541 2645 1628 2694 saepe
1647 2633 1778 2683 occidere
1798 2636 1928 2689 manente

704 2719 821 2781 mundo,
857 2720 887 2767 et
913 2729 1013 2767 rursus
1042 2702 1111 2766 or'iri
1142 2710 1188 2766 rel
1215 2717 1348 2767 eluvione
1374 2717 1498 2768 vicissim
1520 2719 1566 2766 vel
1588 2717 1737 2767 erratione
1760 2714 1928 2782 redeunte“,

704 2801 786 2852 cuius
814 2800 1018 2851 vicissitudinis
1042 2801 1162 2863 exponit
1182 2805 1211 2851 et
1235 2812 1350 2860 causam
1378 2805 1408 2851 et
1439 2802 1650 2854 necessitatem.
1696 2802 1817 2864 Propter
1841 2803 1928 2853 verba

703 2884 812 2952 (somn.
830 2870 928 2952 vtt,‘t
948 2887 1022 2951 sq.)t
1042 2885 1199 2953 praesertim
1219 2900 1278 2936 cam
1356 2901 1432 2936 acmo
1451 2886 1532 2938 anias
1549 2887 1615 2938 anni
1634 2887 1785 2937 memoriam
1803 2886 1927 2952 consepsi

700 2970 799 3038 pessit,
879 2976 935 3021 tam
953 2970 1000 3021 ille
1016 2986 1077 3022 aere
1090 2977 1193 3022 oerteos
1212 2987 1300 3045 ammas
1318 2971 1452 3038 appellari
1467 2978 1566 3039 potest,
1644 2972 1720 3022 caios
1736 2971 1843 3037 quidem
1860 2971 1926 3030 amai

701 3053 817 3111 sardam
835 3047 986 3105 vicesimam
1000 3061 1108 3121 partem,
1119 3056 1184 3106 scito
1201 3070 1256 3106 esse
1272 3072 1433 3122 convasatis,
1451 3056 1491 3121 (c.
1504 3056 1561 3120 11.)
1580 3047 1743 3107 ostenditur‘
1755 3056 1803 3119 qni
1819 3056 1859 3106 sit
1875 3056 1925 3106 ills

700 3136 926 3203 transmigras
944 3140 990 3190 vei
1005 3152 1074 3191 vere
1092 3144 1217 3207 vertens,
1231 3146 1261 3191 et
1276 3143 1391 3204 proptor
1409 3143 1496 3193 verba
1509 3141 1620 3206 (somn.
1634 3142 1710 3204 vill,
1721 3140 1783 3205 ·t.):
1805 3140 1925 3194 tir-ser·

759 3224 797 3276 sie
813 3224 922 3287 ltabeto,
942 3241 995 3276 aaa
1014 3241 1070 3276 esse
1085 3226 1278 3290 temortaiem,
1301 3226 1348 3277 sed
1366 3241 1461 3293 corpas
1477 3226 1526 3277 icoo
1613 3226 1697 3277 Deam
1713 3232 1739 3278 te
1754 3226 1843 3294 igitar
1858 3226 1924 3279 scita

699 3322 768 3372 use,
795 3308 1133 3375 (c.12.)demonstratur
1152 3309 1344 3362 animam-non
1362 3312 1453 3362 solum
1470 3309 1651 3361 immortalem
1673 3312 1725 3361 sed
1745 3312 1825 3362 deum
1844 3324 1923 3377 esse,

699 3397 730 3445 st
748 3395 823 3457 qaod
845 3393 947 3446 cicero
972 3395 1041 3446 dicit
1064 3394 1158 3460 (ibid.)
1180 3395 1307 3448 mondum
1334 3382 1452 3462 qaedam
1470 3402 1549 3463 parte
1570 3394 1723 3458 mortalem,
1757 3396 1922 3449 Macrobius

699 3477 728 3543 (l
745 3478 872 3546 1asqq.)
891 3480 932 3530 ait
954 3493 1016 3531 eum
1035 3474 1072 3530 ad'
1089 3472 1259 3531 communem
1282 3481 1440 3543 opinionem
1461 3475 1619 3547 respicere,
1651 3493 1733 3543 quum
1751 3493 1768 3531 e
1786 3492 1857 3531 vers
1872 3494 1922 3532 ra·

699 3562 776 3613 tione
794 3567 908 3613 constet
925 3564 992 3614 nibil
1009 3566 1084 3615 intra
1105 3565 1231 3615 mundum
1250 3566 1354 3627 perire.
1389 3564 1515 3628 Denique
1533 3566 1620 3615 verba
1638 3566 1746 3629 (Ιοιιιιι.
1765 3566 1847 3627 vili,
1865 3565 1921 3631 3.);

700 3645 771 3697 Nam
790 3646 859 3712 qaod
876 3662 977 3714 semper
993 3655 1123 3711 movetur,
1142 3657 1279 3701 aeternam
1295 3656 1335 3702 est
1350 3653 1422 3715 cet,
1439 3649 1507 3700 dicit
1524 3649 1639 3714 ((1.13.)
1658 3651 1692 3702 de
1708 3650 1837 3720 Bbaedra
1854 3651 1922 3701 Pla.-

697 3729 773 3781 tonis
798 3742 865 3780 esse
882 3732 1037 3797 annotata,
1062 3744 1153 3798 eaque
1170 3734 1309 3800 explicat,
1336 3737 1367 3785 et
1389 3733 1472 3797 allent
1493 3737 1658 3798 argumenta
1680 3733 1721 3800 (c.
1739 3732 1797 3790 11.)
1819 3735 1921 3797 quibus

696 3814 867 3865 Aristoteles
892 3816 991 3878 probet
1014 3816 1151 3882 „animam
1170 3831 1225 3867 non
1244 3820 1335 3869 solum
1351 3831 1387 3868 ex
1404 3831 1437 3868 se
1455 3831 1512 3868 non
1531 3818 1654 3885 moveri,
1685 3821 1737 3882 sed·
1752 3831 1793 3872 tte
1810 3820 1920 3871 moveri

697 3900 804 3965 quidem
821 3898 964 3965 penitus“,
996 3905 1025 3951 et
1047 3901 1088 3966 (c.
1107 3902 1164 3967 ib.)
1189 3904 1288 3967 quibus
1304 3903 1444 3952 Platonici
1466 3904 1599 3954 evincant
1614 3903 1732 3954 animam
1755 3916 1792 3953 cx
1807 3896 1843 3955 se'
1858 3918 1920 3956 ino·

696 3986 769 4051 rori,
785 3989 815 4037 et
832 3990 873 4052 (a,
891 3985 949 4050 to.)
968 3986 1067 4050 quibus
1083 3987 1163 4037 iidem
1182 3989 1336 4039 amendant
1349 4000 1469 4038 necesse
1489 4001 1555 4039 esse
1572 3990 1689 4039 animam
1708 3980 1825 4039 moveri.
1860 3991 1920 4041 lte·

694 4070 779 4134 nique
800 4074 916 4133 propter
933 4074 1020 4122 verba
1038 4073 1145 4137 (loma.
1163 4073 1217 4137 IX,
1241 4073 1298 4136 t.):
1334 4073 1411 4123 lione
1428 4081 1458 4125 ta
1475 4089 1564 4124 exerce
1581 4073 1694 4139 optumis
1710 4074 1739 4123 io
1755 4074 1833 4125 rebar
1851 4079 1919 4141 cet,

694 4155 924 4219 exempla-affert
947 4159 987 4223 (c.
1006 4156 1062 4222 17.)
1078 4149 1224 4208 'bominum
1249 4159 1389 4208 clarorum
1412 4159 1459 4221 qui
1484 4157 1665 4208 exercuerint
1686 4161 1820 4219 qtratmor
1843 4172 1917 4222 quae

694 4244 883 4293 constituerat
905 4242 952 4292 lib.
970 4244 1000 4309 1,
1032 4251 1093 4305 cap.
1112 4244 1137 4292 6.
1159 4255 1266 4307 genera
1282 4244 1429 4307 virtutum,
1461 4246 1491 4293 et
1509 4243 1634 4293 ostendit
1652 4243 1686 4292 ad
1705 4242 1916 4305 quassatum·

693 4328 852 4390 scipionem
868 4314 974 4383 excitet
991 4341 1077 4389 avus,
1095 4334 1124 4377 et
1142 4328 1170 4377 in
1187 4327 1251 4390 ipso
1269 4324 1325 4378 fine
1344 4330 1522 4383 demonstrat·
1535 4328 1695 4378 universam
1710 4327 1915 4389 philosophiam

694 4413 749 4462 boa
767 4411 876 4461 somnio
893 4410 1036 4472 scipionis
1054 4412 1194 4463 contineri
1214 4413 1252 4478 ι).
1602 4417 1604 4422 “
1874 4465 1881 4476 ,

759 4496 804 4547 ita
827 4495 1088 4548 commentariorum
1110 4500 1276 4562 argumento
1298 4507 1360 4548 cam
1379 4493 1528 4549 Ciceronis
1552 4494 1647 4546 verbis
1669 4494 1916 4570 compositocni·

761 4765 790 4823 1)
805 4762 897 4816 Verba
910 4781 982 4831 quae
999 4766 1167 4818 antecedant
1184 4767 1212 4833 (1
1231 4770 1302 4828 15.)ι
1324 4767 1403 4831 Quia,
1421 4781 1479 4817 cam
1495 4765 1547 4817 sint
1563 4764 1644 4816 totius
1658 4764 1848 4831 philosophiae
1860 4772 1915 4824 tras

688 4838 838 4901 partes
857 4835 959 4886 oollam
977 4836 1010 4885 de
1028 4836 1122 4888 tribas·
1133 4836 1263 4887 Tullios
1279 4838 1313 4886 irs
1330 4836 1390 4887 boe
1407 4834 1529 4885 somnio
1544 4833 1736 4900 praetermisit,
1771 4834 1836 4883 lnce
1854 4834 1914 4887 cia-

690 4898 750 4952 rias
769 4902 919 4954 ostendunt
936 4903 1036 4955 nerbas
1072 4905 1138 4955 Vere
1158 4904 1245 4971 igitar
1260 4903 1488 4970 pronuntiandam
1505 4909 1558 4953 est:
1575 4900 1715 4962 nihilhoc
1734 4917 1830 4967 opere
1849 4919 1913 4969 per-

686 4969 800 5033 fectius,
819 4986 870 5037 qao
887 4971 1012 5024 ootverm
1028 4971 1211 5039 pbilosopbiae
1227 4974 1374 5024 continetur
1390 4970 1546 5037 integritas,
1565 4968 1712 5021 referenda
1727 4985 1791 5021 esse
1809 4970 1845 5021 ad
1866 4969 1914 5022 Ci-

689 5035 800 5101 ceronis
817 5038 961 5090 Somnium
978 5038 1147 5104 Scipionis„
1169 5045 1200 5090 ut
1217 5037 1339 5091 ridicula
1356 5038 1413 5090 sint
1430 5036 1502 5102 quaa
1518 5036 1633 5102 scripsit
1653 5036 1794 5088 Funccius
1816 5037 1836 5088 Ι.
1856 5038 1911 5104 c.§

687 5105 746 5156 tar
778 5105 917 5169 ,‚lixstaot
940 5108 969 5165 1)
988 5105 1050 5157 eius
1073 5103 1346 5159 Commentariorum
1367 5106 1396 5158 in
1417 5105 1514 5166 Samo.
1538 5105 1611 5172 Scip.
1639 5106 1706 5160 libri
1730 5106 1784 5156 duo
1807 5106 1912 5171 quihus

687 5172 815 5241 proiecto
837 5174 1161 5241 magnomarnditionis
1179 5181 1346 5241 apparatum
1368 5175 1498 5225 ostendit
1532 5173 1569 5223 Et
1590 5173 1652 5239 ipse
1673 5174 1913 5240 commentatiops

687 5248 814 5296 extre-s
831 5258 897 5294 tere
915 5241 1150 5309 pronuntiandum
1167 5249 1261 5309 putat,
1295 5242 1370 5297 nihii
1392 5242 1450 5294 hec.
1469 5257 1562 5309 opere.
1577 5241 1752 5314 perisctiua“
1776 5248 1847 5310 eta,
1879 5246 1912 5296 nl

687 5310 848 5364 Macrobius
865 5309 1098 5380 arrogantissime
1116 5310 1151 5365 de
1169 5328 1221 5365 suo
1236 5328 1321 5381 opere
1340 5310 1482 5365 indicasse
1499 5308 1636 5362 videatur.
