5092 6425
684 856 747 922 roe
933 932 937 940 .
1166 843 1376 913 uacaoan

685 1046 755 1093 rum
776 1021 899 1096 ordine,
934 1039 1027 1104 quem
1049 1016 1210 1082 manifeste
1231 1017 1374 1101 clareque
1397 1013 1558 1098 distinguit
1583 1013 1723 1079 inmensa
1744 1012 1862 1078 distan-

687 1113 745 1188 tia,
774 1128 875 1192 neque
898 1105 935 1170 de
957 1106 1049 1169 lunae
1071 1103 1211 1187 regione,
1239 1123 1317 1187 quae
1339 1102 1378 1165 ab
1401 1100 1546 1164 omnibus
1568 1100 1701 1164 multum
1725 1101 1863 1176 recessit,

690 1197 771 1260 inter
791 1203 911 1258 veteres
935 1190 1036 1286 aliqua
1060 1187 1118 1253 luit
1140 1187 1299 1251 dissensio.
1341 1188 1461 1250 Horum
1483 1205 1556 1249 vero
1582 1185 1677 1248 trium
1705 1185 1763 1248 sibi
1792 1207 1864 1270 pro-

690 1281 856 1354 ximorum,
877 1278 1007 1341 Veneris
1027 1273 1173 1339 Mercurii
1195 1280 1227 1336 et
1248 1272 1331 1347 solis,
1349 1271 1488 1334 ordinem
1511 1270 1620 1333 vicinia
1643 1269 1790 1347 contudit,
1809 1271 1864 1334 sed

692 1364 774 1450 apud
798 1363 888 1427 alios:
929 1379 999 1422 nam
1020 1359 1244 1443 Aegyptiorum
1272 1356 1439 1420 sollertiam
1462 1354 1540 1419 ratio
1566 1377 1628 1419 non
1651 1355 1743 1439 fugit,
1784 1377 1864 1441 quae

662 1451 761 1517 btalis
793 1455 848 1512 est.
905 1444 1046 1509 Circulos
1063 1464 1128 1527 —per
1157 1463 1249 1527 quem
1277 1442 1322 1505 sol
1350 1441 1494 1505 discurrit
1520 1461 1538 1503 a
1564 1441 1711 1505 Mercurii
1738 1441 1865 1517 circulo,

692 1542 729 1599 ut
749 1532 876 1597 inlerior
896 1529 1045 1594 ambitur:
1082 1528 1166 1593 illurn
1194 1548 1318 1613 quoque
1346 1525 1487 1611 superior
1515 1525 1647 1590 circulus
1667 1527 1796 1590 Veneris
1818 1527 1865 1589 in-

695 1619 799 1694 cludit,
821 1624 913 1700 atque
936 1614 978 1678 ita
1000 1614 1043 1691 lit,
1067 1620 1104 1677 ut
1124 1612 1182 1677 bae
1203 1613 1282 1677 duae
1302 1612 1418 1688 stellae,
1440 1631 1511 1674 cum
1535 1631 1591 1696 per
1610 1611 1784 1695 superiores
1806 1612 1865 1674 eir-

694 1704 835 1769 culorum
858 1719 984 1764 suorum
1006 1698 1134 1764 vertices
1155 1704 1297 1772 currunt,
1317 1697 1533 1780 intellegantur
1555 1717 1646 1780 supra
1666 1697 1761 1759 solem
1782 1697 1866 1759 loca·

695 1797 761 1865 tae,
789 1807 858 1852 cum
881 1805 954 1850 vero
976 1805 1032 1869 per
1052 1781 1195 1847 inferiora
1217 1790 1391 1846 commeant
1411 1781 1614 1857 circulorum,
1641 1781 1686 1845 sol
1708 1782 1752 1844 eis
1774 1803 1867 1865 supe-

668 1874 760 1940 ”lrior
778 1871 966 1937 aestimetur.
1008 1869 1071 1932 lllis
1091 1889 1174 1952 ergo,
1191 1867 1244 1952 qui
1264 1866 1409 1951 sphaeras
1428 1886 1534 1931 earum
1553 1866 1611 1931 sub
1629 1866 1693 1931 sole
1713 1866 1868 1941 dixerunt,

697 1959 757 2023 hoo
777 1958 876 2022 visum
900 1961 947 2018 est
965 1975 1002 2017 ex
1024 1953 1076 2017 illo
1097 1953 1254 2017 stellarum
1278 1973 1386 2028 eursu,
1436 1951 1467 2015 ui
1491 1972 1740 2036 nonnumquam,
1767 1959 1803 2015 ut
1823 1951 1869 2014 di-

699 2043 811 2118 ximus,
829 2040 951 2105 videtur
969 2036 1109 2102 inferior:
1128 2039 1180 2123 qui
1202 2044 1234 2103 et
1255 2058 1326 2102 vere
1346 1973 1511 2101 notabilior
1529 2044 1585 2114 est,
1605 2037 1678 2120 quia
1700 2043 1773 2099 tunc
1794 2036 1870 2099 libe-

701 2128 766 2192 rius
789 2131 924 2211 apparet
965 2125 1045 2188 Nam
1067 2144 1137 2187 cum
1160 2122 1318 2207 superiora
1339 2129 1462 2199 tenent,
1491 2121 1586 2204 magis
1608 2121 1700 2185 radiis
1723 2120 1871 2185 occulun-

650 2220 770 2298 [oetturz
810 2219 841 2275 et
864 2210 933 2273 ideo
955 2208 1112 2294 persuasio
1135 2207 1191 2272 ista
1218 2207 1387 2283 convaluit,
1420 2214 1451 2271 et
1472 2206 1509 2270 ab
1532 2205 1676 2270 omnibus
1703 2227 1800 2290 paene
1821 2206 1871 2270 bie

672 2297 779 2363 8ordo
801 2295 833 2360 in
852 2316 944 2359 usum
964 2301 1106 2380 receptus
1128 2302 1185 2358 est
1243 2291 1453 2378 Perspicacior
1472 2299 1577 2356 tamen
1598 2291 1779 2358 observatio
1793 2292 1871 2359 reri-

770 2449 839 2500 Mss.
861 2447 1101 2509 castimonia]

703 2534 765 2585 sit.“
789 2533 874 2583 Zeun.
915 2533 1022 2583 recedit
1040 2549 1094 2583 s-a.
1117 2559 1152 2570 -
1171 2532 1232 2599 ipsa
1252 2531 1326 2582 XXti
1347 2531 1443 2582 Vllllo
1462 2529 1552 2579 diebus
1568 2527 1618 2578 R2.
1638 2554 1671 2565 —
1692 2547 1769 2595 quae
1784 2530 1873 2582 mani·

700 2604 771 2666 feste
789 2606 863 2664 (sup.
883 2604 972 2664 quem)
997 2599 1046 2649 R2.
1073 2628 1108 2638 —
1133 2607 1180 2652 est
1198 2601 1383 2651 iuter'oeleres
1401 2599 1494 2664 aliqua
1513 2597 1641 2648 dissensio
1664 2595 1717 2647 CF.
1755 2599 1802 2648 int.
1821 2606 1873 2650 vet.

662 2719 665 2726 ,
705 2666 741 2717 al.
765 2675 802 2718 est
825 2667 951 2718 dissensio
974 2665 1027 2715 ΙΙΙ.
1051 2693 1079 2704 -
1108 2669 1189 2719 trium
1212 2667 1387 2733 proximorum
1410 2670 1480 2725 [am.
1506 2666 1570 2725 sibi)
1596 2664 1647 2715 Hl.
1670 2692 1701 2702 -
1731 2665 1875 2716 vicinitas

705 2734 849 2785 trinam.
868 2731 905 2792 (C
923 2748 938 2783 a
959 2749 1015 2783 soc.
1035 2738 1085 2793 m.)
1105 2761 1140 2774 -
1161 2735 1310 2797 confundit
1328 2731 1445 2784 crasa.
1467 2757 1503 2772 ·-
1526 2733 1704 2784 Sententia
1722 2734 1875 2800 egyptio-

706 2817 781 2852 rum.
809 2801 878 2851 Nam
896 2799 1061 2869 egyptiorum
1078 2801 1299 2852 {tn-raama
1311 2804 1346 2866 su
1370 2801 1390 2852 it
1410 2801 1461 2850 Rl.
1614 2802 1639 2849 6.
1676 2799 1788 2850 circulus
1805 2802 1875 2863 (om.

713 2869 834 2932 Veneris)
855 2868 906 2947 ill.
932 2895 966 2904 -
991 2869 1137 2934 superiores
1155 2874 1224 2950 (unp
1240 2873 1302 2936 per)
1329 2869 1353 2918 G
1380 2883 1426 2919 aa.
1450 2894 1483 2906 -
1504 2866 1743 2947 intellegunturb'
1761 2866 1797 2928 (C
1815 2884 1875 2932 sup.

708 2937 816 3054 iliani.
830 2934 1452 3072 ‘tl-tttdtnfifl‘tttttzilrn
1472 3029 1506 3041 -
1520 2940 1605 3052 „reli
1624 2935 1693 3066 tlt.
1706 2939 1877 3065 llil'visg‘?

709 3071 756 3136 qui
773 3087 833 3121 sere
850 3076 920 3131 (om.
939 3075 976 3128 et]
996 3071 1045 3120 Rl.
1067 3100 1103 3111 —
1124 3073 1190 3137 puta
1206 3079 1265 3123 tum
1290 3071 1417 3138 Ser-g.
1470 3070 1534 3137 quia
1553 3086 1615 3120 eum
1634 3070 1667 3119 G.
1692 3097 1724 3106 -
1747 3077 1878 3136 apparent

709 3137 831 3190 FRlH2.
853 3165 888 3176 —
908 3139 999 3208 magis
1020 3140 1188 3209 armagis
1211 3140 1297 3191 radiis
1317 3139 1349 3192 F.
1502 3141 1527 3188 8.
1563 3137 1687 3188 veriorem
1707 3136 1744 3198 (G
1767 3154 1828 3204 sup.
1851 3138 1877 3190 .i.

744 3277 770 3325 6.
810 3274 939 3337 Circulos,
956 3291 1092 3343 perquem
1111 3275 1150 3327 sol
1168 3275 1270 3326 discur·
1321 3271 1464 3331 derivare,
1499 3269 1524 3321 is
1541 3288 1644 3322 novum
1660 3271 1786 3323 admittit
1803 3288 1881 3322 erro·

710 3342 761 3402 rit,
797 3358 815 3391 a
841 3342 968 3396 Merserit
989 3345 1086 3395 circulo
1109 3350 1139 3395 ut
1160 3344 1272 3408 inferior
1322 3359 1391 3404 rem,
1409 3354 1492 3405 quem
1510 3338 1582 3389 alias
1601 3340 1638 3401 (l,
1655 3344 1699 3403 22,
1717 3345 1735 3389 8
1753 3356 1825 3405 sqq,
1842 3339 1880 3402 ll,

712 3408 836 3476 ambitur]
854 3409 1010 3476 „Respexit
1025 3411 1271 3480 ingeniosissimus
1321 3414 1354 3474 5,
1376 3412 1433 3467 25.)
1459 3405 1521 3470 ipse
1545 3407 1670 3457 refutare
1692 3417 1809 3459 conatos
1828 3412 1880 3458 est.

713 3475 803 3531 seculi
827 3476 872 3557 suoi
894 3477 955 3559 Nic.
978 3476 1162 3544 Coparniens=
1197 3479 1272 3543 Qua·
1322 3476 1449 3540 Namque
1472 3472 1497 3524 si
1519 3478 1595 3556 terra
1617 3480 1660 3525 est
1685 3474 1742 3526 ima
1764 3481 1793 3525 et
1816 3491 1882 3555 cen·

710 3551 1274 3680 ttt‘tottff'tet‘tlttttltttt
1323 3549 1425 3662 {tlte
1441 3540 1693 3660 lttM'stlltt
1715 3543 1883 3675 {ittet

715 3677 950 3743 Encpclopaedian
980 3682 1084 3746 scripsit
1112 3686 1137 3731 et
1165 3681 1274 3748 puidam
1324 3683 1399 3738 sunt,
1417 3675 1460 3726 sol
1476 3692 1587 3742 seraper
1602 3677 1677 3728 inira
1695 3677 1729 3738 (i.
1747 3693 1772 3727 e·
1790 3692 1807 3727 a
1826 3683 1882 3727 ter-

715 3743 766 3794 alii
790 3743 946 3796 Latinorum
966 3748 1173 3815 percalluerunt.
1217 3748 1274 3798 Es·
1324 3761 1357 3797 ra
1374 3743 1513 3810 spectanti
1530 3746 1611 3805 citra)
1629 3744 1697 3795 illas
1717 3746 1816 3796 stellas
1836 3744 1883 3806 sit,

714 3810 835 3861 intimant
853 3812 934 3876 euim,
965 3814 1036 3878 quod
1055 3816 1141 3864 Venus
1157 3821 1182 3865 et
1202 3814 1273 3865 Mer·
1325 3827 1441 3864 neeesse
1464 3816 1517 3861 est.
1557 3812 1588 3863 Si
1609 3813 1747 3877 inferiores
1770 3813 1883 3863 circulo-

716 3878 806 3927 ourius
829 3879 1015 3932 circumerrant
1036 3880 1115 3932 solem
1138 3882 1167 3932 in
1191 3881 1276 3931 medio
1325 3896 1383 3931 rum
1406 3879 1515 3929 vertices
1540 3887 1717 3946 epponuntur
1739 3880 1883 3947 superiori-

716 3945 867 3996 existentcm
884 3952 909 3997 et
926 3963 984 3997 eam
1001 3948 1031 3999 ob
1053 3965 1161 3999 eausam
1178 3948 1211 3998 ab
1228 3948 1276 3998 illo
1326 3948 1383 4008 bue,
1399 3945 1430 3996 bi
1448 3951 1522 4008 sant,
1541 3948 1588 3998 ubi
1602 3949 1704 3999 stellae
1722 3964 1807 4013 super
1821 3964 1886 3998 ver·

716 4030 769 4063 noa
790 4013 901 4064 ulterius
926 4014 1034 4084 digredi
1052 4022 1164 4133 putant,
1197 4031 1276 4080 quam
1326 4014 1409 4067 tieem
1429 4019 1569 4077 nostrum,
1590 4015 1649 4081 illi,
1669 4014 1717 4068 ubi
1737 4017 1815 4066 velut
1833 4015 1884 4065 sub

717 4096 823 4132 suoram
846 4083 997 4134 convexitas
1022 4100 1051 4134 or
1068 4084 1120 4133 ium
1142 4084 1275 4150 patiatur,
1327 4082 1444 4147 pedibus
1461 4083 1565 4133 nostris
1584 4092 1731 4135 moventur·
1753 4084 1805 4144 (ei.
1824 4100 1885 4149 cap.

718 4148 841 4215 quonium
855 4157 952 4201 terram
969 4168 1022 4202 non
1040 4151 1167 4213 ambiunt,
1185 4157 1215 4202 ut
1232 4166 1275 4201 ce·
1325 4153 1375 4212 Ὦ,
1399 4150 1413 4214 5
1433 4154 1498 4209 11.).
1534 4150 1601 4201 Cum
1621 4168 1689 4219 ergo
1706 4168 1756 4219 per
1773 4152 1884 4216 inferio-

716 4217 781 4280 teri,
806 4217 853 4268 sed
870 4218 978 4269 absidas
997 4235 1134 4270 convenas
1150 4216 1275 4271 debent.“
1325 4233 1368 4268 res
1384 4218 1541 4268 circulorum
1558 4221 1669 4271 vertices
1685 4227 1793 4271 currum
1811 4219 1888 4269 Mer·

717 4283 804 4335 Pone.
822 4312 857 4322 -
875 4287 910 4335 nt
929 4286 999 4337 haee
1018 4303 1071 4337 non
1091 4286 1229 4352 quadrant
1247 4284 1276 4335 in
1327 4283 1423 4335 curios
1440 4290 1468 4335 ct
1484 4285 1588 4349 Venus,
1607 4304 1688 4348 sane,
1705 4288 1729 4339 si
1748 4287 1782 4337 ad
1801 4287 1887 4351 pedes

717 4353 805 4402 verba
824 4351 972 4414 Macrobii,
989 4354 1037 4418 qui
1054 4371 1108 4405 non
1125 4353 1191 4405 illas
1208 4352 1278 4403 stel-
1328 4358 1438 4403 nostros
1456 4358 1627 4417 spectamus,
1658 4356 1698 4407 soi
1716 4355 1889 4420 eissupsrior

718 4419 763 4469 lae
784 4417 987 4469 circumerrers
1007 4421 1110 4484 solem,
1138 4422 1186 4471 sod
1207 4420 1278 4471 solis
1328 4425 1421 4485 potest
1437 4419 1597 4485 aestimari,
1613 4428 1643 4474 at
1660 4430 1733 4486 trem,
1753 4422 1816 4487 qrrio
1836 4422 1887 4473 sub

719 4483 857 4534 circulum
880 4485 994 4536 illorum
1019 4486 1135 4540 circulis
1160 4486 1278 4539 inlerio-
1328 4486 1447 4553 pedibus
1465 4488 1577 4550 nostris,
1597 4488 1615 4540 i.
1635 4508 1658 4541 e.
1679 4491 1753 4541 inira
1773 4499 1887 4551 terram,

719 4567 778 4601 rem
806 4566 869 4601 esse
895 4551 978 4615 dicit,
1011 4552 1107 4621 itaque
1133 4571 1279 4606 commune
1329 4560 1408 4617 suat,
1434 4554 1547 4606 omnino
1565 4573 1619 4607 non
1638 4557 1769 4609 ridentur
1793 4557 1844 4618 (ci.
1862 4556 1887 4619 1,

719 4621 844 4668 centrum
865 4624 967 4671 terram
991 4638 1054 4674 esse
1078 4622 1186 4675 statuit.
1222 4621 1279 4674 Sed
1331 4626 1377 4685 la,
1404 4623 1455 4687 5.).
1495 4623 1586 4690 Igitur
1603 4624 1669 4687 ille,
1698 4625 1746 4691 qui
1764 4638 1889 4673 comme-

720 4684 881 4737 conludiese
908 4704 970 4739 eum
996 4696 1142 4757 utramque
1168 4694 1281 4742 senlen-
1331 4696 1459 4741 moratur
1475 4691 1488 4756 5
1506 4697 1546 4757 7.,
1563 4692 1699 4743 stellarum
1715 4708 1819 4754 cursus,
1842 4690 1889 4757 qui

719 4753 789 4803 tiam
817 4768 851 4804 ex
874 4754 910 4806 iis
936 4772 1008 4822 qrrae
1039 4764 1195 4824 sequuntur
1230 4772 1281 4824 ap·
1330 4774 1527 4826 nonnumquam
1554 4760 1659 4812 videtur
1686 4760 1810 4825 inferior,
1844 4759 1891 4823 qui

719 4822 809 4885 paret·
1149 4880 1151 4883 Α
1331 4833 1356 4877 et
1375 4842 1434 4877 vers
1450 4828 1593 4878 notabilior
1610 4834 1663 4890 est,
1710 4828 1756 4877 uia
1775 4833 1836 4877 tunc
1854 4826 1890 4875 li-

738 4893 833 4966 'atque
850 4887 890 4938 ita
902 4889 952 4952 fit,
978 4895 1008 4939 ut
1089 4890 1127 4941 sol
1145 4892 1182 4942 eis
1200 4908 1278 4959 supe·
1331 4894 1417 4944 bertus
1447 4903 1573 4961 apparet,
1606 4895 1642 4945 ab
1671 4845 1724 4945 illa
1755 4892 1891 4958 opinione

718 4969 774 5004 reor
789 4954 951 5021 aestimetur]
970 4955 1009 5005 Ad
1029 4971 1122 5007 rerem
1142 4957 1279 5010 rationem
1331 4959 1446 5011 omnino
1465 4962 1614 5023 abhorret,
1650 4978 1740 5026 neque
1762 4960 1892 5026 intelligi

719 5021 1132 5155 tl:ltltttnttltlt
1152 5025 1280 5160 ⁰⁰ll¹tlt
1330 5028 1893 5149 tlte?{tattmlltl'lnt‘

1005 5128 1014 5152 s
1135 5131 1140 5143 ·
1171 5135 1175 5140 ·
1879 5122 1894 5133 “

720 5174 735 5207 e
753 5155 865 5223 vulgari
883 5162 1008 5209 veterum
1029 5158 1160 5225 opinione
1178 5161 1231 5225 its,
1248 5166 1280 5212 ut
1331 5161 1403 5214 eurii
1420 5168 1449 5213 et
1466 5164 1591 5216 Veneris.

719 5223 890 5297 Macrobius,
911 5223 1102 5281 contusionem
1120 5228 1202 5283 illam
1218 5229 1281 5282 vult
1363 5234 1388 5281 t.
1426 5230 1533 5285 tiberius
1546 5232 1668 5301 apparet]
1689 5231 1709 5285 i.
1723 5248 1749 5284 e.
1770 5246 1826 5284 aon
1838 5229 1893 5283 im·
