5092 6425
750 893 812 962 102
1235 887 1444 957 Macuouu

751 1070 855 1130 autem
877 1079 1018 1125 occasum
1044 1059 1140 1142 magis
1164 1057 1231 1123 eius
1253 1079 1345 1142 quam
1373 1067 1475 1123 ortum
1502 1056 1651 1141 elegimus
1676 1052 1924 1143 proponendum,

753 1149 825 1234 quia
846 1147 933 1230 signa
955 1144 1122 1230 posteriora
1145 1152 1215 1227 post
1236 1164 1377 1209 occasum
1404 1144 1563 1208 videntur:
1604 1150 1650 1218 et,
1686 1144 1760 1207 dum
1790 1143 1925 1207 adhaec

775 1254 833 1297 uae
855 1231 920 1296 sole
942 1236 1099 1313 mergente
1122 1228 1217 1294 videri
1241 1229 1342 1293 solent
1363 1229 1458 1293 solem
1479 1227 1579 1292 redire
1606 1236 1830 1304 monstramus,
1858 1229 1924 1292 sinc

753 1256 848 1383 dubio
883 1334 954 1378 eum
985 1313 1140 1378 contrario
1173 1322 1261 1379 motu
1295 1314 1453 1390 recedere,
1491 1334 1582 1398 quam
1616 1314 1735 1378 caelum
1772 1322 1924 1389 movetur,

704 1400 953 1468 illostendimus.
1007 1401 1092 1462 llaec
1119 1407 1221 1463 autem
1252 1420 1332 1484 quae
1355 1400 1393 1464 de
1417 1399 1539 1464 soleae
1567 1397 1639 1462 luna
1667 1398 1801 1462 diximus
1831 1399 1923 1462 etiam

703 1487 893 1585 [ailquinqua
914 1482 1072 1548 stellarum
1094 1505 1249 1548 recessum
1278 1484 1438 1568 adsignare
1464 1483 1632 1548 sufficient:
1671 1484 1737 1569 pari
1765 1483 1848 1546 enim
1879 1504 1924 1546 ra-

753 1580 838 1636 trone
863 1569 895 1665 in
918 1568 1089 1654 posteriora
1112 1569 1198 1653 signa
1220 1568 1380 1654 migrando
1400 1590 1522 1655 semper
1543 1568 1717 1633 mundanae
1737 1567 1924 1633 volubilitati

754 1663 906 1721 contraria
931 1654 1104 1718 recessione
1125 1663 1295 1720 versantur.

840 1739 928 1803 xlx.
970 1739 1027 1804 His
1058 1738 1188 1803 adsertis
1223 1740 1262 1804 de
1295 1738 1494 1824 sphaerarum
1529 1737 1639 1802 ordina
1669 1757 1764 1822 pauca
1796 1734 1927 1799 dicenda

757 1833 844 1890 sunt:
882 1823 914 1887 in
937 1845 999 1908 quo
1021 1824 1184 1889 dissentire
1205 1846 1223 1889 a
1241 1824 1371 1890 Platone
1391 1824 1500 1891 Cicero
1524 1823 1620 1887 videri
1643 1829 1758 1906 potest,
1784 1842 1854 1885 cum
1876 1820 1928 1884 hic

757 1911 831 1975 solis
851 1930 866 1972 s
888 1907 1012 1974 haeram
1035 1917 1177 1994 quartam
1198 1911 1237 1974 da
1259 1917 1395 1994 septem,
1416 1909 1445 1972 id
1469 1915 1521 1981 est
1536 1908 1567 1971 in
1592 1908 1694 1972 medio
1715 1907 1861 1981 locatam,
1882 1905 1928 1969 di-

759 2003 817 2072 cat,
838 1930 927 2058 Phto
947 2016 964 2058 a
985 1994 1057 2058 luna
1077 2014 1199 2059 sursum
1222 1995 1397 2071 secundam,
1420 1993 1480 2057 hoc
1499 2001 1546 2058 est
1563 1993 1644 2056 inter
1663 1999 1781 2090 septem
1804 2012 1822 2054 a
1845 2012 1929 2055 sum·

728 2081 812 2144 hmo
840 2078 942 2162 locum
970 2088 1095 2159 sertum,
1114 2089 1235 2156 tenere,
1275 2086 1505 2144 commemoret.
1564 2077 1705 2143 Ciceroni
1725 2075 1929 2140 Archimedes

760 2173 792 2230 et
815 2163 1040 2229 Chaldaeorum
1062 2165 1139 2229 ratio
1164 2166 1331 2242 consentit,
1368 2165 1457 2229 Plato
1476 2162 1642 2248 Aegyptios
1664 2162 1803 2225 omnium
1831 2160 1930 2245 philo-

761 2248 887 2333 sophiae
909 2249 1138 2334 disciplinarum
1161 2259 1306 2336 parentes
1332 2256 1455 2314 secutus
1475 2257 1538 2326 cst,
1578 2246 1632 2332 qui
1661 2246 1703 2310 ita
1725 2247 1821 2311 solem
1850 2246 1930 2309 inter

761 2335 866 2401 lunam
886 2342 918 2400 et
938 2335 1130 2402 Mercurium
1152 2337 1287 2402 locatum
1309 2335 1434 2412 volunt,
1466 2341 1504 2398 ut
1523 2333 1675 2398 rationem
1698 2340 1802 2397 tamen
1827 2339 1859 2395 et
1879 2330 1930 2394 de-

828 2552 898 2603 Mee.
916 2549 1157 2614 crsnradnsru

867 2639 909 2686 ΙΒ.
945 2653 1065 2688 occasum
1081 2639 1187 2690 maius
1204 2637 1260 2691 eius
1279 2637 1309 2692 S.
1347 2638 1437 2707 magis
1453 2653 1573 2689 occasum
1591 2635 1648 2688 eius
1668 2635 1699 2688 F.
1741 2653 1859 2688 oceasum
1877 2636 1934 2687 eiua

761 2703 851 2772 magis
877 2704 928 2754 ΙΙΙ.
955 2731 990 2742 --
1017 2705 1147 2775 elegimus
1174 2704 1295 2759 suadit
1321 2706 1447 2773 „dugl.“
1499 2705 1635 2773 eligimus
1660 2702 1870 2755 crure-ouen.
1903 2731 1931 2741 -

761 2786 839 2838 prae
862 2771 992 2822 nuendum
1010 2772 1062 2823 ΙΙΙ.
1216 2777 1256 2825 la.
1292 2782 1321 2827 et
1337 2775 1402 2824 luna
1419 2771 1562 2824 uatum.
1579 2798 1613 2812 -
1634 2774 1781 2838 sufficiant
1795 2772 1846 2822 ΙΙΙ.

858 2837 905 2888 ΙΙΙ.
957 2839 1043 2905 Caput
1065 2840 1140 2892 XIX.
1183 2841 1265 2905 Quem
1291 2843 1381 2894 Cicero
1405 2847 1431 2892 et
1453 2857 1529 2908 quern
1552 2841 1631 2892 Plato
1653 2841 1703 2891 soli
1724 2841 1794 2892 inter
1816 2846 1934 2890 errantes

762 2905 854 2956 stellas
871 2905 1069 2973 assignaverint
1086 2908 1276 2977 (assignaveri
1282 2918 1292 2961 t
1310 2910 1360 2974 ch)
1377 2908 1509 2960 ordinetur
1524 2926 1571 2958 eur
1588 2909 1654 2959 luna
1673 2909 1760 2959 lumen
1779 2924 1856 2958 suum
1874 2924 1935 2958 mu·

764 2980 853 3025 tuetur
868 2989 886 3023 a
903 2974 971 3036 sole,
995 2975 1083 3044 sicque
1100 2975 1201 3039 luceat,
1224 2986 1254 3029 ut
1270 2984 1359 3028 tamen
1376 2995 1429 3028 nan
1446 2976 1596 3041 calefaciat.
1628 2976 1734 3038 dehinc,
1759 2991 1806 3024 eur
1825 2975 1865 3024 sol
1883 2991 1936 3024 non

765 3041 892 3102 absolute,
908 3041 954 3091 sed
966 3044 1028 3106 fere
1041 3044 1144 3116 medius
1160 3043 1230 3095 inter
1244 3047 1369 3112 planetas
1384 3061 1440 3096 esse
1455 3045 1568 3095 dicatur.
1587 3045 1658 3094 unda
1674 3043 1802 3094 siderihus
1817 3042 1936 3102 nomina,

765 3116 791 3160 et
809 3124 855 3159 cur
869 3109 1007 3160 stellarum
1023 3114 1168 3163 errantium
1188 3113 1260 3164 aliae
1277 3113 1406 3164 aduncae
1423 3112 1497 3163 nohis
1514 3113 1579 3176 sint,
1599 3112 1671 3162 aliae
1686 3126 1837 3178 prosperae.
1856 3108 1937 3159 ch-h.

867 3179 892 3227 1.
929 3193 987 3228 cum
1002 3178 1049 3231 his
1063 3196 1091 3247 g.
1109 3204 1143 3219 -
1163 3179 1251 3249 Pluto]
1268 3180 1343 3233 Tim.
1361 3197 1388 3248 p.
1405 3184 1441 3231 88
1457 3179 1555 3246 Steph.
1572 3207 1604 3217 -
1622 3195 1726 3231 sursum
1741 3177 1789 3230 hae
1805 3185 1844 3230 est
1860 3182 1937 3243 (sup.

766 3242 831 3296 add.
848 3262 870 3296 r.
887 3261 990 3313 speram
1006 3250 1160 3308 secundam)
1178 3249 1210 3298 C.
1363 3252 1390 3297 2
1425 3248 1634 3299 archidemides
1651 3247 1684 3298 F.
1719 3246 1937 3298 Archimeuides

765 3311 842 3363 vich.
858 3339 894 3354 -
909 3319 940 3364 ut
957 3316 1085 3367 rationem
1101 3324 1190 3369 tamen
1205 3324 1230 3369 et
1245 3316 1463 3385 deprehenderint
1480 3314 1664 3366 &surram
1684 3312 1938 3379 „antiquissinrus“

766 3380 853 3433 Gran.
887 3383 1042 3435 strattone
1061 3391 1150 3437 tamen
1169 3392 1194 3437 et
1214 3386 1287 3454 depr.
1306 3384 1379 3435 Bari.
1418 3391 1448 3438 ut
1465 3384 1594 3436 rationem
1610 3390 1699 3435 tamen
1717 3383 1790 3451 depr.
1808 3388 1879 3443 (om.
1899 3384 1938 3439 et]

793 3585 846 3662 js.
879 3582 970 3699 magis
1053 3585 1192 3653 elegimus]
1218 3584 1328 3637 (imeae
1378 3585 1429 3637 Est
1450 3586 1583 3638 attractio
1607 3581 1801 3650 quaedamsed
1827 3584 1939 3633 antece·

766 3649 870 3712 μαλλον
882 3646 920 3699 stt
958 3650 1022 3701 εθα.
1045 3650 1233 3704 Praeteritum
1247 3668 1329 3719 preo-
1380 3654 1450 3706 dens
1468 3661 1601 3721 quamam·
1860 3665 1862 3667 ’

766 3716 831 3777 tuli,
848 3715 915 3780 quia
933 3715 968 3767 ad
985 3720 1180 3772 antecedentia
1196 3720 1267 3772 haec
1283 3737 1329 3772 re·
1411 3756 1438 3804 ι
1473 3750 1653 3817 Archimeam]
1670 3750 1772 3817 „qm
1787 3745 1836 3798 hp„
1850 3750 1879 3797 οι
1895 3746 1939 3797 ῃ..

769 3781 908 3833 retunsus.
1379 3822 1423 3872 res
1440 3820 1482 3883 u,
1504 3824 1521 3871 a
1541 3819 1566 3885 [a
1586 3820 1639 3885 ra]
1657 3819 1691 3870 ae
1710 3816 1820 3868 sarrana
1839 3814 1941 3864 arear-

803 3883 847 3931 19.
883 3882 958 3933 Hace
1036 3884 1116 3937 etiam
1134 3887 1249 3953 quinque
1264 3887 1328 3939 stel-
1379 3886 1469 3941 medie
1487 3890 1644 3950 traduntur,
1661 3887 1792 3937 videntur
1807 3881 1897 3933 fuisse
1911 3880 1940 3932 in

769 3949 856 3999 larum
874 3965 1002 4001 recessum
1021 3953 1168 4033 adsignare
1184 3953 1328 4021 sufficient]

769 4014 896 4069 Offendit
932 4024 961 4069 et
993 4018 1148 4072 infinitivus
1182 4024 1331 4091 adsignare

768 4101 820 4151 pro
842 4085 979 4152 gerundia
1001 4088 1038 4138 ad
1054 4089 1115 4141 adsi
1156 4090 1256 4142 andum
1281 4105 1331 4156 po·

770 4152 853 4217 situs,
871 4159 902 4206 ut
919 4154 992 4221 apud
1012 4155 1086 4225 virg.
1106 4105 1172 4208 Ha.
1191 4158 1221 4221 V,
1236 4160 1269 4207 21
1288 4175 1330 4223 sq.

772 4221 828 4273 Nec
854 4238 903 4274 nos
931 4223 1038 4275 obniti
1066 4233 1159 4278 contra
1185 4237 1232 4277 nec
1260 4234 1330 4277 ten·

769 4289 846 4339 dere
874 4295 979 4342 tantum
1007 4291 1220 4356 sufficimus.
1262 4293 1331 4344 Ver·

770 4357 836 4406 hum
860 4357 1014 4424 adsignare⁴
1031 4367 1195 4426 usurpatum
1212 4377 1264 4428 pro
1283 4362 1331 4411 de·

770 4428 926 4484 monstrare,
945 4424 999 4487 vel,
1017 4430 1048 4475 ut
1066 4426 1161 4480 dicere
1178 4430 1252 4480 solet
1268 4428 1331 4479 tls-

772 4488 899 4552 crobiue,
917 4490 1049 4543 adserere·
1085 4494 1146 4547 Vid.
1165 4502 1223 4548 nat.
1242 4496 1330 4547 Gran·

773 4554 807 4604 ad
826 4554 919 4621 c.2,§
939 4560 989 4621 14,
1008 4565 1037 4611 et
1053 4561 1126 4613 adde
1143 4563 1214 4615 lucie
1231 4561 1272 4615 ihi
1291 4562 1332 4613 ci·

774 4620 840 4702 tatis
859 4639 883 4703 c.
900 4627 949 4705 2Ι,
971 4626 985 4693 5
1002 4630 1026 4677 3.
1049 4629 1078 4680 id
1095 4632 1166 4697 qaod
1183 4648 1267 4686 scrma
1284 4631 1333 4683 de·

773 4698 878 4757 scripsit
895 4708 968 4746 casus
990 4696 1157 4766 adsignet.

807 4786 888 4853 XIX,
916 4794 940 4843 1.
975 4797 1131 4861 secundam,
1156 4798 1263 4851 horest

773 4855 858 4906 lecum
883 4866 985 4914 sumn
1010 4870 1111 4926 tenere,
1142 4864 1332 4933 commemoret]

772 4922 852 4973 Haec
877 4924 971 4978 micus
997 4928 1131 4981 concinne
1156 4933 1233 4983 dicte
1260 4939 1334 4985 sant.

773 4988 933 5043 scriberem
955 4997 1119 5061 secundam,
1154 4999 1179 5051 si
1198 4999 1275 5051 inira
1293 5001 1336 5051 le·

1379 3955 1452 4007 libro
1469 3954 1517 4020 qui
1536 3954 1689 4019 inscriptus
1706 3960 1750 4004 est
1764 3951 1872 4010 conica,
1890 3948 1940 4000 sed

1399 4021 1474 4073 eriit.
1510 4021 1571 4073 Vid.
1597 4020 1709 4073 Fabric.
1733 4019 1820 4071 Bihl..
1840 4018 1941 4068 Graec.

1394 4091 1432 4142 ih.
1452 4089 1509 4152 ΙΙΙ,
1531 4090 1594 4140 w
1624 4089 1710 4140 Zuun.
1729 4114 1764 4126 -
1785 4085 1943 4135 consensu·

1382 4161 1446 4209 rant
1480 4164 1627 4223 praeterea
1659 4154 1796 4207 Geminus
1839 4153 1942 4213 (Elem.

1381 4227 1491 4277 necron.
1508 4242 1531 4275 c.
1555 4228 1610 4289 1.),
1634 4222 1799 4274 cleomedes
1818 4221 1901 4281 (lllet.
1918 4219 1942 4281 Ι,

1381 4296 1431 4357 a),
1450 4292 1631 4343 Ptolemaeus
1650 4292 1775 4357 (Alanag.
1792 4293 1819 4352 9,
1837 4291 1884 4350 1.),
1905 4292 1943 4350 et,

1382 4367 1412 4411 ut
1430 4361 1556 4411 referunt
1579 4359 1653 4410 Plin.
1671 4358 1704 4410 Ν.
1724 4358 1758 4407 ΙΙ.
1784 4356 1827 4418 ΙΙ,
1848 4359 1898 4417 22,
1920 4370 1944 4404 e.

1380 4432 1423 4479 20.
1446 4439 1474 4479 et
1493 4428 1638 4479 censoria.
1659 4428 1694 4477 de
1715 4425 1762 4475 die
1779 4430 1835 4474 nat.
1858 4440 1882 4472 c.
1900 4425 1943 4482 1³,

1382 4496 1447 4561 53,
1466 4495 1645 4563 Pythagorae
1663 4508 1781 4560 qnoque.
1817 4489 1859 4541 Cf.
1873 4488 1944 4539 For-

1382 4563 1475 4629 higer.
1494 4564 1605 4615 flendh.
1622 4563 1650 4614 d.
1667 4561 1717 4614 alt.
1736 4559 1841 4625 Geogr.
1861 4556 1890 4619 Ι,
1915 4573 1944 4623 p.

1416 4732 1486 4785 inter
1506 4732 1598 4783 lanam
1619 4736 1645 4782 et
1668 4721 1839 4789 Mercurium]
1863 4722 1945 4773 Haeo

1384 4806 1428 4851 est
1443 4798 1516 4851 ratio
1534 4800 1717 4864 Anaxagorae
1732 4798 1761 4843 et
1778 4791 1946 4842 Eratosthe-

1385 4867 1429 4918 nis
1447 4866 1521 4929 (Cat.
1537 4883 1561 4918 c.
1575 4869 1631 4925 43.)
1648 4868 1676 4915 ct
1694 4859 1847 4914 secundum
1862 4859 1945 4909 Phot.

1384 4934 1462 4986 uror.
1485 4932 1553 4986 coa.
1574 4936 1642 4997 aaa,
1674 4948 1700 4997 p.
1721 4931 1795 4980 raro.
1823 4932 1865 4990 (ρ.
1885 4928 1946 4977 aaa.

1384 5002 1513 5063 Belrlrer)
1533 5001 1728 5068 Pythagorae:
1758 4994 1807 5046 scd
1823 4995 1907 5045 Plato
1927 4994 1947 5044 l.

772 5062 889 5139 ssfmftu'
902 5068 1005 5140 imum
1022 5064 1116 5129 l⁰⁰¹⁸³⁸s
1135 5071 1166 5118 ut
1184 5066 1225 5119 ita
1243 5067 1335 5135 poerit
1386 5088 1410 5121 c.
1426 5071 1508 5122 moda
1527 5086 1590 5120 cum
1609 5065 1770 5147 Chrysippo
1790 5067 1818 5114 et
1836 5062 1948 5113 mathe-

773 5127 925 5193 d'ffl'ffim‘
960 5132 1116 5195 'mullum'
1145 5133 1193 5186 hoc
1222 5143 1260 5187 est
1288 5169 1334 5188 ...
1386 5136 1605 5191 maticiesolem
1622 5134 1701 5202 ponit
1718 5139 1793 5185 rnter
1810 5130 1949 5181 lunnmet

772 5201 887 5256 sertum,
918 5196 1010 5253 laeum.
1049 5199 1088 5251 Ut
1109 5218 1182 5253 nunc
1209 5207 1266 5267 eet,
1297 5202 1335 5255 ad
1386 5204 1540 5267 Venerem,
1576 5202 1673 5254 dicens
1691 5194 1835 5268 ἑωσφόρον
1854 5193 1883 5249 δὲ
1900 5194 1949 5247 ecl

772 5262 914 5317 secundam
944 5264 1160 5338 intelligendum
1189 5270 1245 5323 erit
1272 5287 1336 5344 esse,
1386 5268 1437 5325 τὸν
1454 5265 1555 5339 Ἑρμοῦ
1574 5266 1732 5337 tsydpauor,
1761 5265 1845 5320 modo
1867 5279 1948 5333 prae·
