5092 6425
720 854 785 922 280
1104 847 1275 916 licenti
1297 844 1509 915 licronis

665 1026 792 1097 [lisinec
810 1021 989 1089 praeteritum
1007 1021 1306 1084 ptusqosnpertcctnn
1324 1032 1377 1070 sec
1393 1020 1516 1070 lutnrum
1535 1020 1714 1071 secundun
1738 1024 1790 1072 sut
1807 1021 1901 1073 meiius

716 1118 765 1165 sut
783 1126 845 1161 mox
866 1110 987 1158 tutorum
1005 1105 1139 1167 admittit5
1159 1097 1289 1168 inprecor
1309 1104 1474 1166 quinetiam
1492 1104 1614 1155 iliorum
1638 1105 1766 1179 penitus
1783 1105 1892 1167 ignorat.

680 1198 698 1247 d
784 1199 838 1255 (i.)
857 1192 906 1241 iiis
925 1189 1044 1254 quinque
1064 1190 1234 1252 temporibus
1253 1189 1326 1239 modi
1346 1189 1450 1250 singull
1468 1189 1665 1240 declinantur
1682 1193 1738 1240 aut
1757 1193 1902 1254 separatis,

715 1289 882 1341 unoquoque
901 1287 999 1325 sonum
1012 1274 1151 1336 proprium
1170 1273 1352 1336 exprimente,
1370 1278 1419 1324 ιιι
1439 1272 1557 1323 iunctim
1577 1273 1661 1324 binis
1682 1275 1807 1325 eosdem
1826 1277 1902 1338 possi

715 1364 843 1415 dentibus
860 1371 957 1408 vocem
975 1363 1004 1407 et
1020 1370 1190 1409 communem
1209 1358 1400 1408 emittentibus
1418 1370 1533 1408 annun:
1554 1358 1727 1419 separatim
1743 1359 1902 1412 indicativus

680 1447 896 1510 iimperatlsus
914 1442 1125 1503 subinnuens,
1151 1442 1263 1491 iunctim
1285 1441 1428 1504 optativus
1447 1446 1476 1491 et
1494 1436 1643 1492 infinitus.
1683 1445 1732 1494 iix
1753 1445 1854 1508 quibus
1871 1446 1903 1495 is·

715 1532 855 1582 dlcatlvus
885 1528 993 1592 quidem
1022 1532 1051 1577 et
1078 1526 1273 1576 subiunctisus
1303 1525 1395 1575 omnin
1420 1531 1610 1589 receperunt:
1651 1533 1804 1589 praesens
1841 1547 1901 1590 ιιις

715 1616 894 1679 praeteritum
913 1612 1096 1674 inperfectum
1119 1609 1258 1669 amabam,-
1291 1610 1472 1672 praeteritum
1494 1610 1662 1672 perlectum
1688 1613 1805 1673 omani,-
1834 1627 1901 1676 prae·

714 1700 826 1751 teritum
845 1696 1144 1760 plusquamperfectum
1163 1709 1333 1754 amonemur,-
1366 1694 1486 1745 futurum
1505 1693 1613 1745 amobe.
1658 1696 1737 1746 item
1757 1698 1899 1749 subiuncti·
1928 1700 1933 1777 l

715 1796 785 1847 vus,
802 1796 859 1832 esst
878 1795 976 1840 nmen,
996 1794 1054 1828 eom
1072 1792 1203 1839 umorem,
1221 1792 1279 1828 esst
1295 1777 1454 1839 annuerim,
1467 1794 1531 1828 essm
1546 1779 1741 1845 meissen,
1760 1798 1823 1833 eam
1837 1800 1899 1834 sas·

716 1881 785 1918 nors.
829 1862 1012 1925 imperativus
1034 1874 1103 1911 vero
1128 1862 1182 1912 duo
1206 1862 1410 1926 tantummodo,
1444 1874 1583 1924 praesens
1605 1866 1638 1913 et
1666 1864 1819 1918 futurum:
1851 1886 1899 1919 sss

715 1954 814 2000 moto.
848 1943 1005 1998 infinitivus
1024 1946 1094 1997 trio:
1127 1958 1279 2010 praesens,
1298 1950 1329 1995 ut
1348 1960 1453 2005 ιιιιιις
1484 1947 1676 2009 praeteritum
1694 1962 1758 2000 non
1778 1952 1898 2003 trifarias

715 2033 848 2097 divisum,
877 2033 926 2082 sed
946 2031 1032 2082 semel
1049 2042 1100 2094 pro
1119 2031 1208 2081 tribus
1226 2028 1419 2094 enuntiemus,
1453 2033 1485 2080 ut
1504 2031 1662 2095 amovisse,-
1702 2035 1850 2102 futurum,
1877 2045 1899 2090 ιι

714 2124 834 2170 suintune
855 2115 902 2166 ire.

681 2206 699 2251 ii
784 2203 837 2261 (i.)
856 2200 1007 2261 Quaeritur
1023 2203 1126 2267 antem,
1145 2214 1196 2252 cur
1213 2199 1258 2251 blo
1276 2201 1346 2252 ordo
1364 2199 1392 2252 ln
1407 2199 1464 2252 lllls
1481 2199 1530 2266 sit,
1547 2202 1578 2252 ιι
1594 2201 1725 2264 primunr
1744 2206 1842 2258 locon
1859 2211 1898 2259 ob

715 2289 803 2336 tinent
821 2298 968 2352 praesens,
988 2287 1139 2337 secundum
1159 2286 1340 2348 praeteritum
1360 2287 1552 2350 inperiectum,
1579 2286 1703 2338 tertium
1723 2295 1897 2352 praeteritus

681 2372 884 2435 ilperiectum,
913 2383 948 2420 sc
966 2371 1108 2433 deinceps.
1161 2369 1249 2421 Culus
1268 2373 1339 2421 baec
1358 2371 1431 2422 sntio
1449 2375 1503 2420 est.
1537 2372 1650 2422 Natura
1674 2376 1823 2438 temporis
1840 2380 1896 2428 baec

714 2459 774 2521 ιιι,
797 2461 829 2505 ιι
844 2467 955 2518 semper
970 2460 1098 2506 transeat
1114 2458 1143 2503 et
1161 2455 1243 2517 lapsu
1261 2454 1403 2505 celeriore
1425 2454 1572 2518 decurrat,
1597 2467 1634 2505 ac
1652 2458 1708 2508 vix
1731 2462 1798 2512 ulio
1815 2463 1895 2525 puncti

712 2544 851 2590 momento
870 2540 963 2600 possit
984 2539 1160 2605 consistere,
1186 2540 1306 2602 ideoque
1325 2545 1374 2590 ant
1397 2540 1449 2590 ism
1474 2540 1660 2601 praeterierit
1692 2547 1749 2593 sut
1773 2553 1895 2609 especte-

713 2629 768 2673 tur.
810 2623 885 2672 Unde
905 2623 1011 2684 quidam
1032 2625 1100 2673 baec
1118 2624 1173 2674 duo
1193 2625 1381 2675 tantummodo
1400 2630 1527 2686 tenpore
1544 2636 1612 2674 esse
1629 2625 1792 2692 dixerunt,
1825 2645 1894 2694 prae-

713 2706 823 2757 teritum
842 2712 871 2757 et
888 2707 1024 2771 loturum
1042 2720 1176 2770 praesens
1195 2709 1266 2758 enirn
1283 2720 1318 2757 ne
1336 2709 1438 2759 tcmdlu
1455 2708 1563 2770 quiden
1581 2721 1704 2762 manere
1724 2726 1830 2780 posse,
1844 2718 1892 2766 iss

711 2790 829 2855 dicitur,
861 2791 911 2841 sed
928 2792 1200 2853 incomprebensibili
1220 2793 1373 2843 velocitate
1391 2791 1568 2843 transitionis
1587 2792 1709 2845 vixdum
1729 2800 1891 2852 nominatus

710 2873 799 2939 elnbi;
820 2888 940 2925 necesse
958 2888 1028 2939 ergo
1045 2877 1147 2938 lueret,
1164 2881 1195 2926 ut
1212 2875 1276 2925 inde
1294 2876 1457 2939 principium
1475 2882 1645 2942 sumeretur,
1664 2881 1749 2931 unde
1764 2886 1892 2934 trsnsitss

711 2961 838 3022 cepisset
854 2959 1013 3025 exordium,
1042 2962 1072 3008 et
1087 2960 1226 3023 gradatim
1244 2966 1343 3011 cetere
1362 2961 1563 3026 iungerentur,
1594 2972 1631 3011 eo
1656 2976 1782 3029 semper
1806 2977 1892 3032 poste·

712 3043 789 3095 riore
809 3044 882 3106 quod
901 3045 964 3106 pius
981 3045 1109 3095 babuerit
1126 3045 1337 3107 praeteritionis
1355 3050 1439 3109 nique
1456 3045 1701 3112 transcursionis,
1723 3055 1757 3101 ιι
1774 3065 1813 3104 es
1831 3066 1893 3118 qnae

711 3129 764 3179 lam
784 3130 912 3179 venerint
930 3129 1039 3181 minime
1058 3132 1245 3192 praecedente
1264 3135 1394 3180 venturo.

661 3214 695 3263 to
780 3214 940 3266 Communis
970 3214 1053 3264 etism
1080 3215 1108 3265 ln
1132 3216 1221 3266 modis
1250 3218 1319 3266 boec
1349 3215 1491 3265 subtilitas
1521 3214 1715 3278 qusestionla.
1759 3223 1832 3273 Ns·
1861 3224 1892 3275 lbi

710 3311 820 3361 quoque
840 3300 916 3348 solet
934 3298 1061 3361 disquiri,
1078 3312 1114 3348 sn
1133 3304 1248 3364 temere,
1266 3305 1295 3349 et
1313 3303 1343 3349 ιι
1359 3301 1418 3349 iors
1437 3298 1543 3363 tulerit,
1564 3299 1684 3349 alterum
1706 3304 1798 3357 elteri
1815 3322 1893 3370 prse-

709 3394 861 3444 ponomus,
891 3386 941 3431 cut
958 3381 996 3431 sit
1013 3380 1108 3444 alique
1124 3384 1214 3450 ratio,
1246 3396 1317 3446 quoe
1336 3384 1392 3433 illis
1410 3386 1481 3434 bunc
1500 3383 1623 3433 ordinem
1642 3383 1829 3447 imposuerit.
1862 3396 1893 3444 lit

709 3466 851 3518 invenitur
870 3480 924 3515 non
944 3466 1006 3516 sinc
1029 3478 1118 3517 conss
1137 3480 1172 3518 eo
1194 3473 1278 3529 pacto
1296 3468 1386 3517 inisse
1415 3468 1552 3530 digestos.
1600 3468 1669 3517 Nam
1692 3476 1892 3540 unusquisqne

709 3563 805 3602 eorum
824 3552 852 3601 in
871 3551 967 3600 notive
986 3551 1030 3600 vel
1049 3551 1165 3612 passivo
1183 3551 1387 3615 declinatione,
1406 3557 1489 3614 prout
1506 3549 1596 3600 mines
1615 3553 1751 3606 babuerit
1770 3561 1891 3613 sotionis

660 3634 755 3684 tirel
775 3634 930 3698 passionis,
948 3634 989 3683 lte
1007 3635 1150 3696 posterior
1165 3634 1227 3685 erit.
1268 3636 1364 3698 itaque
1384 3633 1618 3700 indicativus,
1644 3636 1692 3699 qui
1713 3641 1827 3695 benet
1846 3648 1891 3696 ab·

708 3716 944 3767 solutissimum
970 3728 1005 3765 nc
1033 3719 1186 3780 perlectam
1214 3721 1252 3768 de
1281 3731 1319 3769 re
1354 3731 1443 3782 quse
1474 3717 1594 3782 agitur
1624 3728 1890 3781 pronuntiatio-

708 3811 799 3863 ncsn,
834 3798 933 3849 mcrito
951 3797 1065 3859 primurn
1084 3801 1190 3850 obtinet
1208 3803 1340 3864 gradum,
1376 3816 1447 3852 nom
1473 3802 1528 3867 qui
1551 3802 1639 3853 dicit
1659 3805 1769 3875 pingo,
1802 3813 1889 3876 ipsan

666 3879 863 3948 liii]plcturan
883 3894 900 3931 n
920 3893 952 3930 se
968 3880 1021 3931 inm
1041 3880 1123 3932 ilorl
1143 3884 1333 3947 demonstrat,
1368 3886 1424 3948 qui
1443 3900 1512 3938 vero
1530 3886 1632 3937 dixerit
1647 3889 1752 3960 pinge,
1787 3896 1890 3962 impe-

706 4070 821 4123 admisit
850 4070 871 4120 V
894 4086 911 4122 n
934 4086 959 4135 p.
985 4084 1020 4119 tn.
1189 4071 1215 4120 6.
1250 4078 1428 4137 expressionis
1457 4072 1485 4123 V.
1508 4099 1541 4111 -
1569 4072 1687 4125 iunctim
1711 4077 1787 4131 binis
1813 4098 1891 4134 ens·

706 4139 765 4192 siem
798 4138 868 4191 coni.
897 4138 978 4191 linit.
1030 4137 1115 4189 iuncti
1144 4137 1212 4188 binis
1240 4140 1341 4190 endem
1374 4139 1417 4190 i'r.
1568 4144 1594 4191 i.
1627 4158 1758 4209 praesens
1785 4156 1811 4202 ιι
1838 4154 1891 4216 fs-

705 4213 771 4260 tnro
795 4209 825 4259 ι’.
978 4210 1004 4257 9.
1039 4206 1146 4257 vincirem
1162 4206 1338 4258 nominatum
1354 4205 1457 4275 scripsi
1475 4221 1491 4258 e
1507 4205 1578 4257 coni.
1613 4210 1660 4259 nis
1677 4211 1742 4263 dsss
1763 4219 1892 4269 nomina-

705 4279 760 4326 t„
779 4276 822 4327 γε,
848 4304 880 4314 -
903 4274 983 4325 ,ppo
1000 4275 1084 4341 princ.
1104 4279 1172 4334 (om.
1190 4278 1232 4333 ιι)
1252 4273 1273 4323 V
1291 4288 1308 4324 o
1325 4291 1353 4341 p.
1373 4289 1409 4326 m.
1435 4299 1463 4314 ·-
1488 4275 1630 4342 coepisset
1650 4276 1680 4327 V.
1702 4305 1738 4316 ·-
1764 4287 1892 4338 mesine

705 4341 737 4391 v.
890 4347 931 4393 ιο.
968 4342 1037 4391 deit
1052 4339 1089 4402 V,
1113 4348 1264 4404 „comune
1283 4356 1343 4392 com
1365 4337 1477 4394 ssilsra
1494 4341 1546 4393 τοῦ
1565 4351 1613 4396 nnt
1630 4343 1658 4396 in
1674 4344 1737 4398 cod.
1756 4355 1891 4407 nostro.“

704 4407 785 4460 lindi.
939 4410 980 4458 ll.
1016 4407 1093 4460 isnbet
1113 4408 1175 4476 cte]
1194 4407 1236 4461 ci.
1255 4408 1290 4460 do
1308 4407 1337 4462 di
1361 4411 1476 4478 .e.l⁸,
1499 4408 1557 4476 ii.

740 4595 766 4643 d.
802 4591 853 4642 iiie
872 4593 988 4662 quinque
1004 4592 1172 4677 temporibus]
1196 4595 1270 4661 „Ps-
1320 4597 1375 4649 dnt.
1394 4596 1443 4648 lib.
1461 4593 1486 4658 i,
1504 4597 1517 4663 5
1537 4600 1579 4650 it.
1598 4603 1628 4651 et
1645 4599 1731 4653 Probi
1749 4601 1816 4658 ist.
1833 4608 1891 4662 nri-

703 4659 964 4729 lnsnestiniciligi
984 4678 1131 4729 praesens,
1165 4679 1269 4729 imper·
1320 4682 1379 4717 ιιι.
1403 4666 1497 4730 §w
1520 4666 1606 4718 Enni..
1628 4696 1663 4707 -
1685 4668 1750 4724 vid.
1771 4682 1833 4727 not.
1851 4679 1887 4730 ad

704 4727 825 4785 lectum,
871 4731 1055 4793 praeteritum
1101 4731 1267 4798 perlectum,
1320 4751 1344 4785 c.
1362 4733 1463 4797 6,ss
1483 4737 1512 4783 et
1529 4733 1564 4785 de
1581 4733 1642 4785 diii:
1663 4753 1686 4788 e.
1706 4741 1845 4806 imm.

703 4792 888 4862 proeteritum
908 4795 1215 4865 plusqusrnperiectum
1242 4804 1270 4851 ιι
1352 4804 1378 4851 9.
1415 4800 1521 4851 Notorn
1538 4804 1662 4870 temporis
1677 4804 1744 4857 isnee
1758 4817 1800 4862 ast
1817 4814 1887 4879 ete]

703 4862 838 4913 futorum.
881 4861 923 4912 lin
957 4864 1062 4916 iterum
1089 4867 1191 4917 isicem
1220 4882 1268 4918 ex·
1318 4866 1361 4919 ci.
1376 4866 1512 4919 Priscian.
1529 4869 1579 4921 lib.
1597 4871 1668 4936 iili,
1683 4887 1745 4940 csp.
1759 4875 1796 4928 de
1815 4886 1889 4932 tetu-

705 4928 872 4996 eerploris.“
897 4930 985 4982 Esne.
1005 4959 1038 4970 -
1056 4931 1132 4982 idom
1151 4933 1269 4984 ndnotn-
1320 4952 1378 5003 por.
1400 4936 1488 4987 verbi.

704 4997 746 5049 vit
762 4998 837 5049 inire
855 5004 919 5062 post
936 5015 998 5049 nmn
1019 5007 1109 5050 nmnto
1127 5000 1268 5052 excidisse
1352 5002 1467 5069 minime]
1490 5003 1717 5070 utilitatis,
1739 5008 1817 5062 idem
1838 5031 1889 5067 η.

705 5080 777 5131 qnos
802 5066 836 5116 dc
862 5066 1035 5135 temporibus
1061 5064 1166 5118 iunctis
1189 5074 1269 5133 opto·
1319 5072 1529 5135 ietscsoo,ut
1546 5071 1580 5125 de
1596 5072 1687 5140 groslu
1703 5091 1759 5127 non
1778 5080 1820 5132 sit
1838 5100 1887 5135 co-

705 5132 759 5184 tivi
783 5134 902 5188 dicende
923 5139 1010 5187 ιιιιι.
1046 5131 1088 5186 ci.
1108 5135 1143 5186 ds
1165 5134 1225 5187 diff.
1244 5154 1277 5190 c..
1320 5137 1476 5207 gitondum.

711 5204 753 5258 ld,
774 5200 898 5270 §ispo
1355 5209 1396 5256 to.
1430 5211 1478 5256 nul
1512 5204 1557 5271 sii]
1592 5205 1708 5260 Relinui
1745 5210 1775 5264 id
1810 5219 1886 5282 qnod

741 5273 768 5318 i.
803 5280 921 5324 omnium
944 5268 992 5337 irc]
1018 5267 1081 5334 „ct
1106 5267 1148 5323 ci.
1169 5269 1269 5325 Socer·
1320 5279 1435 5326 auctore
1461 5272 1632 5326 Endiicbero
1660 5283 1816 5335 eruendum
1842 5294 1887 5341 esi
