5092 6425
733 863 799 931 250
1218 856 1428 927 uacuoon

735 1033 780 1101 uti
799 1031 1038 1109 nominativum,
1060 1035 1091 1095 at
1110 1028 1247 1114 reliquos
1267 1026 1424 1115 obliquet,
1447 1026 1526 1093 aient
1542 1046 1635 1094 mane
1659 1024 1853 1102 nominum,
1868 1045 1903 1091 ro

705 1121 890 1188 Scaeae-unt
932 1114 1169 1181 Rationabiiiter
1188 1123 1292 1181 autam
1311 1113 1474 1179 declinatio
1492 1117 1531 1179 ab
1548 1113 1656 1179 activo
1677 1110 1827 1188 inchoat,
1843 1109 1904 1197 qnod

683 1213 842 1295 [aoejactus
862 1202 1036 1288 passionem
1057 1199 1225 1286 praecedit:
1266 1199 1346 1265 bone
1367 1199 1460 1264 etiam
1481 1219 1498 1264 a
1521 1198 1638 1285 prima,
1679 1219 1752 1263 non
1775 1195 1838 1262 elia
1857 1216 1904 1281 per·

735 1310 827 1364 aona,
898 1286 939 1352 od
960 1286 1058 1372 prima
1081 1285 1118 1350 dc
1138 1285 1228 1350 tertia
1250 1285 1289 1350 ad
1312 1284 1477 1350 secundam
1499 1284 1656 1370 ioquitur:
1695 1290 1780 1369 apte
1801 1302 1905 1368 quoqne

735 1395 752 1438 a
776 1374 865 1459 singu
878 1372 922 1437 ari
947 1392 1092 1446 numero,
1125 1360 1228 1454 ἧγὰρ
1248 1372 1313 1446 πῖις
1334 1363 1475 1455 άριδμὸς
1498 1366 1533 1433 ἐκ
1554 1364 1720 1452 μονάδων
1744 1363 1905 1450 mm»

734 1454 810 1543 ἢέκ
826 1452 968 1541 μονάδος
987 1451 1177 1539 κατάγεται.·
1193 1466 1225 1521 et
1246 1456 1272 1521 oi
1294 1456 1395 1521 omnis
1417 1454 1583 1519 multitudo
1603 1462 1736 1520 constat
1757 1475 1800 1519 ex
1821 1453 1905 1539 tinga

705 1543 783 1622 etis,
805 1552 888 1609 reete
910 1551 958 1608 est
980 1541 1145 1626 praemissa
1167 1541 1269 1607 unitas
1288 1548 1320 1606 et
1340 1547 1444 1607 secuta
1464 1539 1667 1626 populositas.
1710 1541 1809 1606 Iuste
1831 1538 1904 1604 etien

735 1650 753 1695 a
775 1628 943 1715 praesenti:
983 1648 1020 1692 ex
1047 1627 1172 1692 instanti
1197 1627 1280 1692 enim
1301 1635 1441 1713 tempore
1463 1633 1592 1710 possunt
1611 1625 1743 1711 reliqua
1768 1624 1904 1710 cognose,

736 1736 799 1778 non
823 1714 939 1778 instans
960 1712 1118 1798 apparebit
1139 1734 1177 1777 ex
1200 1711 1344 1798 reliquis:
1383 1710 1535 1797 siquidem
1560 1709 1661 1792 λείβει
1686 1710 1819 1793 λείβεις
1836 1713 1905 1773 ποιεῖ
1940 1755 1942 1758 <

735 1794 889 1880 άόριοτον
913 1794 1022 1873 diecto
1042 1793 1201 1881 μέλλοντα
1219 1797 1337 1877 λείψω,
1375 1797 1448 1862 item
1472 1791 1536 1860 άπὸ
1557 1797 1615 1860 τοῦ
1637 1795 1750 1860 λείπω
1774 1795 1813 1861 fit
1833 1789 1903 1875 άάρι·

736 1899 809 1960 στος
830 1881 940 1960 torpe
966 1882 1022 1946 καὶ
1043 1878 1170 1966 μέλλων
1190 1881 1309 1959 λείψω·
1347 1903 1417 1947 cum
1446 1903 1519 1967 ergo
1546 1881 1614 1946 dico
1639 1881 1693 1946 vei
1725 1877 1848 1959 ἔλειφα
1868 1879 1902 1944 τά
1949 1911 1951 1917 ·

736 1969 852 2048 λείψω,
886 1967 968 2054 quod
991 1989 1058 2034 esse
1078 1967 1169 2034 veiim
1192 1966 1285 2033 huius
1305 1988 1449 2054 praesens
1472 1967 1556 2031 vorbi
1575 1975 1721 2053 tempus,
1764 1966 1902 2032 incertum

735 2063 797 2120 eet:
836 2075 905 2120 cum
927 2061 1030 2119 autem
1053 2053 1121 2119 dico
1142 2052 1241 2117 λείπω
1270 2052 1458 2136 anticipo,
1487 2052 1525 2118 de
1546 2052 1676 2137 reliquis
1698 2051 1775 2117 eiua
1800 2061 1902 2137 tempo

689 2141 727 2205 10
737 2139 821 2206 ribus
842 2160 933 2206 nemo
958 2139 1088 2205 dubitat
1130 2135 1294 2224 Ἠρηόμην
1321 2138 1522 2223 inperfectum
1550 2145 1675 2222 tempus
1706 2145 1760 2202 ast
1786 2157 1807 2202 a
1833 2156 1903 2223 pree

736 2225 815 2291 nenti
843 2224 991 2311 ἔρχομαι,
1031 2223 1172 2290 similiter
1200 2246 1217 2290 a
1246 2223 1398 2309 praesenti
1427 2218 1576 2308 ἄρχομαι.
1620 2221 1705 2288 Cum
1739 2242 1823 2307 ergo
1850 2222 1902 2287 dico

735 2307 897 2396 ἠρχόμην,
927 2311 1076 2376 incertum
1099 2310 1259 2395 relinquo,
1288 2316 1392 2375 utrum
1414 2309 1564 2374 veniebam
1586 2327 1626 2372 an
1652 2308 1846 2394 e'nee'pe'ebcea
1869 2307 1903 2372 in·

735 2398 838 2504 tpiiegi
860 2396 967 2475 veiim,
993 2404 1025 2461 et
1050 2396 1119 2461 ideo
1141 2391 1278 2502 ξνεσηάς
1298 2395 1365 2460 eins
1387 2395 1418 2459 in
1441 2393 1535 2459 dubio
1556 2401 1617 2470 est,
1647 2389 1795 2540 izgopaa
1817 2393 1859 2493 eit
1874 2413 1904 2456 aa

689 2566 724 2630 11
737 2480 1349 2651 tetdradaittdtdtdd‘
1366 2478 1721 2651 timiditate?
1738 2478 1904 2660 dudd,

735 2650 908 2748 Latinoque
928 2651 1021 2716 verbo
1039 2670 1184 2735 praesens
1206 2650 1293 2726 iacit,
1315 2655 1418 2726 ποιεῖς
1435 2651 1528 2737 τιμᾷς
1548 2651 1745 2733 στεφανοῖςε
1768 2670 1832 2714 non
1854 2649 1906 2712 nisi

737 2737 879 2800 instantis
902 2734 1034 2799 secunda
1058 2755 1188 2819 persona
1210 2735 1370 2800 discernit:
1409 2743 1545 2801 ceterum
1566 2733 1598 2798 in
1620 2733 1795 2817 πεποίηκα
1817 2741 1848 2799 et
1865 2753 1906 2796 τε

736 2820 871 2903 τίμηκα,
910 2819 942 2882 iu
969 2815 1095 2902 ποιήσω
1121 2827 1153 2884 et
1178 2816 1318 2902 τιμήσω,
1355 2820 1429 2885 item
1459 2821 1490 2884 in
1518 2816 1652 2883 ἐποίουν
1672 2825 1709 2883 ot
1739 2815 1906 2905 ίχράσονν,

690 2905 728 2970 12
738 2905 821 2971 nulia
842 2902 995 2969 discretio.
1037 2903 1097 2970 Sed
1118 2911 1150 2969 et
1171 2904 1203 2970 in
1224 2899 1419 2990 βαροπόνοις
1438 2900 1547 2970 τύπτω
1568 2903 1687 2993 primae
1712 2923 1788 2970 ease
1810 2904 1906 2971 eoniu-

804 3058 857 3110 MC·
874 3058 923 3121 Pu]
968 3086 971 3093 '

836 3146 862 3193 9.
896 3131 1214 3210 ἧγάρτοτῖριίοαοοί.
1249 3138 1460 3209 εἰγάρΕδδΡ.
1495 3139 1555 3191 Vid.
1574 3146 1632 3191 not.
1651 3130 1776 3206 -ἦίιι
1790 3139 1909 3208 μονάδος

734 3206 830 3278 ιιατάγ.
852 3208 955 3278 eceipei
978 3227 994 3262 e
1016 3210 1088 3264 coni.
1132 3208 1393 3264 HPMONAAOC
1413 3207 1632 3262 ΚΑΤΑΓΕΤΑΙ
1651 3205 1683 3258 Ρ.
1734 3203 1771 3261 λιι
1790 3206 1910 3275 μονάδος

734 3271 880 3346 κατάγεται
900 3279 970 3329 Εδδ.
1006 3280 1070 3344 „ita
1088 3279 1179 3331 inveni
1199 3281 1377 3330 emendatum
1395 3279 1428 3328 ed
1448 3293 1525 3327 oram
1543 3272 1685 3341 scaligeri
1702 3274 1810 3329 libri-⁸⁶
1835 3279 1909 3331 Pont

735 3338 754 3411 ἠ
768 3341 868 3412 μονάς
888 3340 983 3413 ὀρθῶς
997 3348 1186 3414 καθηγεῖται
1203 3346 1274 3398 οοοῖ.
1294 3346 1360 3411 Ope.
1413 3339 1448 3396 ἐκ
1462 3338 1584 3410 μονάδος
1598 3340 1707 3402 καλοῖς
1723 3339 1910 3413 κατάρχεται

736 3412 798 3465 eive
820 3414 1012 3481 καθηγεῖται
1031 3413 1088 3467 καὶ
1111 3409 1227 3466 ἕπεται
1248 3413 1381 3480 πλῆθος
1401 3412 1474 3463 coni.
1491 3411 1576 3462 Zeno.
1612 3409 1672 3460 vid.
1693 3418 1753 3463 not.

736 3484 762 3532 9.
797 3474 862 3533 άπδ
888 3481 948 3533 τοῦ
974 3480 1054 3551 λείβει
1078 3480 1173 3551 λείβεις
1198 3481 1268 3532 Edd.
1299 3480 1335 3542 (P
1360 3479 1468 3530 ΛΙΒΩ
1492 3476 1664 3537 ΛΙΒΕΙΣ).
1700 3476 1765 3531 vid.
1793 3485 1856 3533 not.
1877 3506 1908 3520 -

737 3548 779 3599 oei
802 3548 968 3599 ΕΛΕΙΨΩ
994 3550 1026 3602 Ρ.
1179 3553 1218 3600 10.
1254 3566 1272 3601 α
1294 3549 1429 3617 μτατιτιιιῖ
1455 3544 1651 3598 ΗΡΧΟΜΑΙ
1674 3543 1707 3596 Ρ.
1871 3550 1907 3598 11.

739 3615 924 3666 ΤΕΙΜΑΙΣ
940 3616 970 3666 Ρ.
1005 3617 1110 3681 τιμαῖς
1129 3616 1200 3668 Εδδ.
1355 3618 1395 3666 12
1431 3613 1580 3680 torptonoe'e
1601 3611 1633 3663 Ρ.
1666 3612 1907 3679 imicitiam.

769 3766 796 3813 8.
830 3751 923 3829 ἦγάρ
951 3762 1006 3825 τιᾶς
1029 3757 1151 3830 άριδμδς
1172 3800 1199 3816 ..
1221 3756 1240 3830 ἢ
1265 3759 1295 3816 ἐν
1345 3769 1388 3816 eet
1403 3767 1521 3831 profecto
1538 3764 1621 3828 mim,
1641 3763 1678 3815 ci.
1697 3762 1788 3816 Zeno.
1808 3766 1847 3817 ιδ
1864 3765 1907 3817 ti-

734 3824 856 3897 μονάδος
872 3824 1027 3897 κατάγεται,
1045 3839 1070 3882 et
1085 3834 1108 3882 ei
1121 3833 1185 3898 ete.]
1202 3832 1294 3883 Verba
1344 3848 1404 3898 ger.
1424 3835 1541 3897 ρ.410.ς
1566 3849 1585 3897 η
1604 3831 1736 3899 adiungit
1755 3832 1786 3883 h.
1805 3832 1828 3886 Ι.
1847 3850 1907 3886 τοι·

736 3895 836 3948 Latino
864 3912 936 3964 qnae
964 3903 1118 3963 aequantur
1150 3899 1295 3964 paululum
1344 3899 1461 3953 tontienr
1479 3916 1533 3951 noo
1550 3900 1689 3951 divertam
1711 3899 1764 3951 ned
1782 3900 1907 3954 similene

735 3966 885 4019 inmutata
909 3965 1043 4034 leguntur
1065 3967 1100 4018 de
1117 3967 1202 4019 verbo
1225 3984 1249 4017 c.
1269 3971 1294 4028 1,
1345 3966 1536 4031 antecedenti,
1570 3983 1728 4032 quaecum
1758 3983 1793 4019 ee
1817 3969 1908 4035 pouit

736 4033 806 4101 §aa
841 4034 917 4086 Haec
935 4034 1130 4117 ab0peopoeo
1148 4035 1295 4087 etoZeu·
1345 4034 1520 4087 commutari.
1566 4030 1748 4102 Κατάγεσδαι
1775 4031 1807 4087 ἔκ
1836 4052 1909 4097 τινος

735 4102 782 4155 nio
800 4102 898 4155 habito
915 4108 1045 4170 enntpeo
1064 4104 1297 4170 interpretatione
1344 4104 1418 4169 apud
1452 4103 1618 4170 poeteriorie
1650 4102 1715 4156 nevi
1749 4102 1908 4170 eoriptoree

735 4172 884 4225 vernorum
920 4171 1102 4224 Graecorum·
1152 4172 1232 4238 Quod
1269 4170 1294 4223 ei
1346 4172 1419 4223 idem
1439 4169 1602 4237 vaietqncd
1621 4170 1739 4223 dericnre'
1757 4171 1793 4221 αδ
1811 4173 1908 4239 utiquc

735 4246 940 4303 oeeetverum,
964 4256 1013 4306 pro
1031 4241 1099 4292 etei
1116 4239 1295 4291 scribendum
1344 4255 1381 4290 re.
1415 4238 1552 4303 Exempla
1570 4237 1672 4291 vidia
1694 4236 1797 4305 Steph.
1815 4238 1907 4291 Thea.

736 4314 812 4360 τοττι
829 4307 862 4358 id
881 4315 943 4371 eat,
967 4309 998 4358 ei.
1033 4306 1087 4358 Sed
1112 4323 1147 4359 ne
1169 4306 1211 4358 eie
1233 4305 1295 4373 qui·
1345 4303 1530 4358 Gaiana.
1550 4298 1591 4358 e.'
1743 4347 1748 4354 .

735 4376 798 4427 dem
817 4390 863 4424 ree
880 4374 951 4424 bene
970 4390 1001 4423 ee
1019 4374 1115 4425 habet.
1137 4375 1240 4440 ,Quam
1258 4374 1294 4425 ob
1376 4372 1551 4440 popularitas]
1587 4372 1629 4422 De
1659 4371 1714 4423 hae
1744 4386 1815 4423 voce
1850 4371 1907 4425 vid.

735 4458 795 4493 rem
813 4440 941 4491 heminae
963 4439 1008 4490 iiii
1027 4440 1100 4492 docti
1125 4441 1227 4493 mutari
1245 4456 1296 4492 το·
1345 4455 1416 4506 quae
1438 4440 1584 4493 adnotavit
1601 4438 1732 4491 Endlich.
1756 4438 1794 4490 de
1818 4442 1907 4493 verbo

736 4509 851 4560 inerunt
877 4507 961 4557 verbe
988 4503 1018 4558 ἐν
1037 4502 1159 4573 μονάδος
1182 4504 1296 4574 κατάγε·
1345 4508 1363 4559 Ι.
1384 4523 1407 4557 e.

735 4588 798 4637 ται,
832 4578 864 4624 nt
884 4574 1070 4641 reupondeant
1087 4575 1195 4628 rerbiee
1226 4583 1296 4629 reete
1378 4578 1404 4625 9.
1438 4572 1518 4641 tetdo)
1542 4571 1638 4642 λείβεις
1663 4572 1738 4622 ποιεῖ
1760 4564 1906 4640 άόριστον]

736 4645 775 4692 eet
792 4642 940 4704 praemineo
957 4644 1047 4696 unitae
1064 4650 1089 4694 ct
1105 4652 1195 4696 ταινία
1208 4660 1295 4711 popo·
1373 4642 1425 4693 nod
1443 4643 1530 4708 vulgo
1546 4641 1666 4707 iegitur,
1695 4633 1760 4689 άτιδ
1776 4638 1840 4691 τοῦ
1855 4640 1908 4693 λεί-

736 4706 836 4757 ionitae.
872 4709 1296 4763 Atmuitoiaeiiiorviaemen·
1367 4725 1389 4759 co
1406 4712 1519 4760 ..ποιεῖ
1529 4702 1659 4775 ἀόριστον
1674 4712 1770 4773 aperte
1788 4723 1907 4775 corrup-

737 4772 818 4853 dandi
843 4779 886 4825 eat
910 4793 1049 4858 ea‘qnana
1077 4794 1130 4859 τεο
1160 4777 1227 4839 inii,
1262 4780 1295 4828 nt
1345 4781 1402 4858 turn
1434 4782 1485 4827 eet
1519 4776 1574 4827 Pro
1608 4776 1683 4826 ποιεῖ
1715 4789 1832 4855 ιτερατα
1862 4781 1908 4827 eet

735 4850 1194 4975 indiinmmiiffiidiidmii
1215 4844 1295 4978 tia
1343 4842 1907 4992 tiit:itittcf'tdd'sstttzz

736 4983 908 5096 edidit„
926 4979 1022 5096 ddi
1038 4978 1203 5111 λλιζῗξῖῖ
1214 4996 1295 5098 ,tte
1345 4972 1526 5096 ttetzae
1541 4976 1747 5096 ἓλιμῖάωῖέ.
1763 4992 1907 5122 {dett
1986 5065 1987 5072 κ

736 5128 768 5162 eo
786 5112 859 5179 quod
879 5111 986 5179 iegitur
1003 5112 1031 5165 in
1050 5112 1110 5164 eod.
1129 5130 1195 5175 mn,
1214 5114 1246 5165 H
1262 5114 1295 5180 Ρ,
1345 5126 1409 5164 eene
1425 5127 1441 5163 a
1458 5111 1640 5178 eoquentiime
1662 5104 1718 5163 άπὸ
1737 5126 1789 5161 τον
1811 5110 1907 5164 λείπω.

736 5187 812 5232 certe
828 5198 882 5232 non
901 5179 1014 5263 longine
1031 5182 1111 5233 abent
1127 5180 1294 5247 quamnim·
1379 5182 1421 5229 11.
1450 5177 1576 5247 canabi]
1592 5177 1908 5232 Videneeeribendnm

737 5247 802 5312 plen
829 5257 1000 5317 praepoertro
1024 5245 1061 5303 ἐν.
1101 5249 1175 5303 ΙΙΙοδ
1200 5236 1293 5315 ἦγδιρ
1344 5243 1395 5297 eit:
1413 5262 1485 5299 ποτε
1500 5264 1554 5301 eon
1569 5246 1631 5299 αἰαῖ.
