5092 6425
727 893 898 963 iutuitu
920 891 1207 961 AUCTORISDE
1230 890 1373 958 VERBO
1395 892 1544 961 PRAEF.
1587 896 1677 963 CAP.
1698 898 1722 962 l.
1764 899 1828 965 aio

657 1067 775 1132 quae·0
793 1068 840 1117 vel
862 1064 911 1116 Oli
930 1064 1129 1127 terminantur,
1165 1062 1294 1127 quonism
1312 1065 1510 1117 universorum
1532 1079 1604 1130 quse
1621 1069 1692 1129 apud
1711 1082 1762 1119 eos
1780 1083 1828 1122 re·

655 1152 796 1217 gulariter
821 1151 998 1201 declinantur
1022 1150 1074 1199 iao
1101 1149 1173 1198 duae
1197 1151 1386 1200 tantummodo
1412 1159 1478 1201 sunt
1502 1152 1631 1214 syllabae
1657 1153 1827 1204 terminales.

655 1240 724 1287 Nam
748 1250 783 1286 eo
803 1247 873 1298 quae
900 1235 932 1284 M
952 1232 990 1300 [et
1013 1230 1043 1298 S]
1064 1236 1094 1282 et
1119 1233 1144 1282 T
1166 1234 1212 1281 vel
1232 1232 1246 1282 l
1266 1233 1369 1284 litteris
1391 1231 1526 1286 finiuntur
1547 1238 1611 1287 sola
1634 1238 1877 1306 auotoritate[idtl]

657 1324 703 1371 vel
723 1319 891 1370 lectionibus
910 1330 962 1367 nec
978 1316 1064 1367 ullius
1082 1329 1197 1366 normae
1214 1318 1280 1380 lege
1298 1314 1452 1385 firmantur,
1468 1323 1499 1369 ut
1516 1337 1574 1373 ram
1591 1329 1682 1390 esest,
1701 1335 1827 1385 quaeque

657 1419 693 1456 ex
713 1419 748 1455 eo
767 1407 978 1467 conponuntur,
1003 1406 1034 1451 ut
1051 1402 1144 1453 odram
1159 1417 1266 1469 prosum
1284 1403 1389 1464 desum,
1406 1419 1514 1468 possum
1527 1414 1602 1472 potes
1621 1412 1721 1474 potest,
1739 1408 1828 1458 toedet

653 1491 737 1557 pudet
753 1489 830 1556 piget
849 1486 909 1537 iicet
924 1486 1029 1537 miseret
1044 1486 1173 1552 poenitet,
1205 1486 1250 1536 odi
1266 1486 1329 1536 nooi
1345 1487 1463 1548 memini,
1497 1502 1569 1551 quae
1586 1490 1670 1540 etiam
1687 1491 1828 1543 defectiva

655 1575 801 1635 dicuntur,
836 1573 910 1634 quod
929 1571 1056 1633 plurimis
1074 1567 1220 1635 deficiant,
1257 1573 1290 1621 ut
1306 1570 1552 1634 coniugationibus
1569 1574 1721 1639 generibus
1737 1576 1827 1626 modis

654 1657 823 1722 participiis,
842 1655 992 1716 dequibus
1012 1659 1041 1704 et
1062 1654 1132 1716 ipsis
1151 1656 1325 1718 postmodum
1341 1654 1522 1708 disseremus.

725 1743 779 1801 (3.)
802 1741 919 1790 Modos
939 1738 1031 1804 etiam,
1050 1752 1131 1803 quos
1149 1740 1191 1790 ilii
1208 1733 1363 1805 ἐγκλίσεις
1379 1739 1532 1808 appellant,
1551 1743 1666 1792 eosdem
1685 1755 1719 1793 ao
1738 1747 1860 1805 paones

655 1827 770 1876 totidem
791 1825 894 1873 nabere
909 1826 1076 1888 noscuntur,
1093 1823 1272 1874 indicativum
1288 1816 1479 1886 imperativum
1500 1825 1651 1889 optativum
1669 1827 1829 1878 coniuncti-

655 1924 719 1960 vum
746 1904 897 1968 inlinitum,
930 1908 1154 1971 quemadmodum
1176 1907 1281 1959 Graeci
1308 1899 1446 1974 ὄριστικὴν
1474 1905 1677 1976 κροστακκικὴν
1703 1903 1828 1976 εὐκτικὴν

655 1984 843 2058 incrustando
874 1983 1084 2057 ἆκαρέμφατον.
1127 1993 1196 2041 Νιιιιι
1225 1992 1415 2055 iupersonaiis
1452 2007 1508 2044 non
1534 1996 1634 2045 modus
1660 1996 1752 2059 magis
1782 1999 1828 2045 est

658 2091 738 2142 quam
762 2077 854 2126 altera
876 2075 1028 2125 declinatio
1053 2074 1276 2139 uniuscuiusque
1301 2077 1378 2127 verbi
1402 2076 1465 2127 sine
1489 2079 1619 2140 personis
1642 2093 1677 2129 ao
1703 2080 1826 2130 numeris

657 2176 709 2225 per
727 2161 907 2223 supradictos
923 2161 1021 2208 modos
1041 2161 1191 2222 eademque
1210 2164 1336 2223 tempora
1354 2163 1522 2226 decurrens,
1540 2164 1612 2224 quod
1632 2167 1661 2213 et
1677 2163 1767 2226 ipsum
1784 2168 1829 2213 ta-

657 2261 718 2297 men
737 2245 879 2308 repperies
901 2245 1012 2294 Graeco
1030 2255 1066 2293 cx
1086 2245 1164 2294 fonte
1184 2246 1348 2308 demensus,
1373 2248 1405 2295 ut
1422 2248 1488 2296 sunt
1505 2245 1572 2311 illa,
1595 2238 1650 2312 χρὴ
1667 2242 1762 2312 πρέπει
1783 2242 1829 2311 μέ-

657 2332 709 2396 λει,
729 2325 781 2397 χρὴ
799 2329 888 2394 κλεῖν,
909 2321 962 2394 χρὴ
979 2321 1176 2393 παιδεύεσθαι,
1197 2323 1249 2395 χρὴ
1268 2328 1406 2394 πολεμεῖν,
1431 2323 1527 2395 πρέπει
1545 2331 1712 2396 σωφρονεῖν,
1733 2325 1830 2396 πρέπει

657 2410 769 2482 νήφειν,·
787 2415 816 2465 in
833 2414 876 2464 his
894 2413 967 2463 enim
981 2424 1034 2462 noc
1052 2424 1183 2463 numerus
1201 2425 1254 2463 nec
1271 2426 1397 2475 persona
1416 2411 1609 2477 significatur,
1634 2416 1684 2464 sod
1701 2427 1749 2465 res
1766 2419 1830 2465 tan-

658 2501 797 2550 tummodo
819 2499 982 2549 declaratur
1005 2509 1085 2559 quam
1109 2493 1172 2548 fieri
1196 2502 1337 2560 oporteat.
1389 2501 1428 2549 At
1443 2500 1600 2550 huiusmodi
1617 2499 1700 2550 etiam
1717 2499 1863 2550 lilorumt

657 2569 847 2635 locutionem
867 2575 960 2648 ἐπειδὴ
981 2569 1082 2647 qinon,
1118 2574 1213 2648 ἐπειδὴ
1231 2573 1333 2646 ἄριστα
1353 2577 1558 2650 παρεσκεύαστο
1578 2580 1627 2635 καὶ
1641 2577 1828 2651 ἐβεβούλευτο,

656 2670 762 2720 nullius
793 2667 837 2718 irio
866 2679 976 2731 quoque
1000 2678 1141 2728 personae
1170 2666 1217 2716 vei
1246 2667 1354 2718 numeri
1381 2681 1439 2718 vox
1466 2668 1529 2730 ipss
1555 2667 1683 2718 eontinet
1706 2680 1829 2720 sensum.

657 2757 718 2805 lloc
733 2757 825 2804 tamen
843 2753 907 2802 solo
925 2753 1030 2802 distant
1046 2763 1065 2802 a
1080 2750 1199 2803 Graecis
1216 2750 1408 2814 inpersonslia
1423 2752 1596 2817 Latinorum,
1612 2752 1686 2815 quod
1702 2764 1754 2814 per
1770 2764 1830 2801 mo·

660 2840 722 2902 dos,
738 2845 769 2888 ut
786 2838 841 2888 iarn
856 2837 985 2903 diximus,
1007 2829 1172 2888 currunt'et
1189 2843 1329 2905 tempora,
1347 2839 1509 2902 quod-apud
1528 2838 1657 2891 Graecos
1675 2835 1830 2887 nullatinus

660 2923 828 2986 repperitur.

727 3008 780 3065 (4.)
799 3006 830 3054 in
848 3003 1017 3065 temporibus
1034 3016 1144 3066 quoque
1161 3016 1218 3055 non
1232 3003 1328 3065 dispar
1346 3002 1510 3055 observatio
1529 3005 1584 3068 est,
1602 3001 1658 3052 nisi
1675 3002 1750 3065 quod
1766 3003 1864 3054 solat

658 3090 845 3141 deminutione
865 3091 1015 3149 superetur
1033 3090 1062 3136 et
1082 3088 1235 3152 discrepet,
1257 3099 1348 3148 eaque
1371 3088 1473 3137 habeat
1497 3086 1642 3149 pauciora.
1677 3088 1745 3136 liam
1768 3099 1830 3137 cum

658 3176 731 3239 apud
747 3175 814 3225 illos
835 3183 920 3235 prope
939 3169 1075 3222 universa
1093 3169 1217 3232 duplicis
1238 3169 1305 3235 sint,
1329 3169 1404 3220 Latii
1422 3170 1483 3222 oris
1499 3169 1624 3233 loquella
1642 3167 1831 3231 simplicitatis

659 3259 823 3323 compendio
850 3257 939 3307 semel
963 3254 1077 3319 singula
1097 3255 1226 3320 prolerre
1250 3257 1384 3305 contenta
1401 3266 1455 3305 nec
1476 3248 1658 3316 praeteritum
1676 3254 1830 3315 perfectum

660 3448 687 3497 2.
721 3444 797 3495 loeo
817 3442 887 3494 dnae
908 3440 939 3492 V.
966 3469 1001 3478 -
1029 3438 1115 3505 [cis]
1142 3438 1242 3502 „ilaec
1260 3434 1412 3489 manifesto
1436 3435 1509 3487 iales
1526 3433 1636 3487 uncinis
1656 3433 1831 3488 inclusimus.

620 3525 622 3529 ⁴
660 3514 727 3565 Iure
745 3512 818 3562 liaeo
834 3508 926 3561 omitti
944 3509 1079 3576 proluatur
1097 3506 1182 3558 etism
1201 3523 1234 3559 ox
1258 3506 1296 3558 iis
1313 3519 1385 3571 quoe
1403 3512 1499 3555 nostes·
1516 3503 1591 3554 inira
1612 3502 1626 3569 i
1646 3507 1686 3553 li.
1709 3504 1743 3570 [c.
1759 3508 1791 3569 2,
1817 3504 1831 3570 ξ

661 3582 697 3648 1.]
715 3580 751 3632 ad
774 3580 849 3630 huuc
870 3579 963 3630 iocum
982 3581 1080 3644 aperte
1098 3574 1253 3644 respiciens
1277 3573 1414 3643 proiert.“
1439 3572 1522 3624 Endl.
1550 3598 1585 3609 -·
1612 3572 1672 3622 scio
1692 3572 1793 3638 scripsi
1816 3588 1832 3623 o

662 3649 832 3701 coniectura.
868 3646 1000 3697 Vid.uot.
1035 3644 1117 3695 soiius
1135 3648 1251 3710 (puncto
1270 3642 1363 3711 posito
1382 3657 1443 3707 snp.
1460 3645 1493 3700 ιι)
1512 3639 1543 3691 V.
1578 3639 1741 3692 solisa-
1758 3647 1832 3706 post-

660 3715 777 3780 modum]
796 3733 818 3767 c.
838 3717 877 3765 il.
896 3741 929 3751 -—
951 3714 1103 3765 deseremus
1122 3711 1151 3762 V.
1305 3715 1331 3762 ³.
1368 3710 1461 3761 Modos
1481 3706 1544 3775 otc]
1570 3706 1612 3759 Gi.
1631 3707 1665 3758 de
1683 3706 1744 3759 diff.
1762 3725 1787 3759 c.
1806 3710 1831 3758 1.

662 3814 696 3823 -
719 3782 947 3836 EPKAIGEIC
962 3781 991 3832 V.
1013 3807 1048 3817 -
1070 3779 1126 3832 toti
1142 3778 1217 3830 idem
1234 3777 1265 3829 V.
1284 3807 1318 3819 -
1334 3784 1488 3829 noscuntur
1502 3776 1533 3829 V.
1569 3774 1611 3827 Cf.
1628 3776 1641 3842 ᾗ
1660 3780 1701 3828 15.
1717 3804 1751 3815 -
1770 3794 1832 3828 cou-

661 3854 806 3905 iouctioum
828 3855 903 3915 (sup.
923 3849 987 3900 udd.
1006 3864 1022 3899 a
1040 3866 1066 3914 p.
1085 3865 1120 3899 m.
1146 3848 1206 3907 soi)
1229 3846 1260 3900 V.
1285 3876 1320 3887 -
1350 3844 1526 3896 ΝΕΦΕΙΝ
1550 3842 1582 3894 V·
1734 3846 1760 3896 4.
1796 3848 1832 3898 At

662 3915 1186 4039 airtrrriai⁰t¹⁵⁰¹¹⁰ziatt
1203 3913 1250 4032 p..
1272 3942 1301 3955 “
1328 3912 1493 4033 ΕέΕέέέῐ
1509 3911 1614 4032 iiiii
1630 3910 1831 4041 itui..-

663 4056 725 4110 add.
745 4057 770 4116 i)
786 4054 817 4104 V.
839 4080 873 4092 -
895 4052 1074 4121 simplicitatis
1090 4054 1161 4104 loto
1179 4050 1249 4111 (dei.
1267 4050 1335 4110 late)
1355 4049 1387 4099 V.
1805 3998 1821 4047 P

662 4219 720 4292 aio
750 4236 866 4289 monis.
908 4234 987 4287 idern
1021 4233 1090 4285 iisid.
1121 4249 1147 4284 c.
1178 4234 1221 4284 11.
1259 4230 1370 4284 ‘deberi
1402 4226 1521 4281 librario
1555 4224 1699 4281 oberranti
1724 4227 1761 4279 ad
1789 4244 1834 4278 se·
1901 4275 1906 4292 ,

664 4312 792 4374 quartam
817 4303 1044 4371 coniugationem
1065 4305 1148 4354 vocat
1169 4306 1223 4356 tar-
1272 4316 1361 4367 qucns
1379 4298 1481 4350 uilius.

663 4377 730 4429 tiam
745 4372 910 4440 pittantiam·
1307 4386 1333 4434 d„
1368 4380 1419 4449 iila]
1437 4396 1558 4447 „nempe
1575 4378 1706 4432 Graeci.“
1727 4378 1815 4429 Eunu.

697 4479 723 4525 2.
759 4472 834 4542 opud
871 4471 925 4539 eos]
960 4468 1044 4537 „scit
1077 4465 1224 4522 bstineo-‘⁸
1274 4465 1381 4600 §Nom
1404 4464 1579 4534 iaperaoaolis
1601 4462 1665 4530 etc]
1690 4461 1735 4515 (ii.
1759 4479 1783 4515 c.
1806 4467 1833 4528 t,

664 4543 752 4595 Eunu.
1307 4538 1331 4587 l.

699 4621 785 4694 [aas]
811 4621 897 4676 Nolui
921 4621 1023 4675 toliere
1048 4615 1164 4672 uncinos
1189 4616 1225 4669 sb
1308 4619 1334 4669 4.
1374 4615 1527 4682 iocationes]
1565 4613 1747 4680 „Addeudnm
1788 4615 1835 4668 soi

664 4691 839 4746 Endliohcro
875 4707 929 4743 non
963 4694 1069 4744 temore
1106 4685 1227 4739 additos.
1276 4682 1546 4751 subintelligendum
1567 4686 1657 4736 suat.“
1677 4684 1764 4735 Eunu.

666 4762 721 4814 Sed
740 4778 793 4813 non
811 4758 924 4812 omnino
941 4757 1096 4810 hoeosuut
1114 4769 1164 4821 pro
1183 4752 1226 4804 ai·
1300 4745 1419 4820 Aptara]
1449 4750 1677 4816 „Aduerbiaiiter
1705 4750 1834 4802 sumitur.

666 4831 729 4883 hilo
747 4827 893 4890 habendo,
915 4841 978 4878 cum
999 4822 1101 4875 reterri
1118 4819 1228 4889 possint
1277 4819 1338 4872 Vid.
1358 4819 1476 4871 Suidam
1493 4836 1515 4871 s.
1533 4819 1563 4870 iu.
1580 4820 1627 4871 s.“
1645 4817 1732 4870 Eunu.

668 4899 703 4952 ad
728 4914 761 4949 cn
784 4896 871 4948 verba
897 4908 968 4962 quse
994 4895 1109 4946 careant
1136 4889 1227 4957 prima
1346 4888 1380 4939 od
1402 4888 1475 4954 opud
1500 4887 1614 4939 Grsccos
1639 4884 1703 4952 oto]
1733 4883 1776 4935 Gi.
1800 4884 1834 4933 de

667 4982 801 5033 persono,
821 4968 1044 5027 utooos,ooot.
1079 4957 1124 5010 ci.
1143 4975 1167 5009 c.
1184 4960 1227 5021 10,
1277 4905 1447 5019 attiliaco,
1473 4954 1532 5020 53.

668 5036 726 5100 §⁸-
1312 5043 1338 5093 6.
1371 5057 1425 5091 aon
1443 5040 1535 5105 dispar
1552 5035 1700 5088 mamootio
1716 5033 1763 5097 cst]
1783 5032 1835 5096 „ld

703 5118 762 5169 sois
794 5115 953 5169 auctoritato
986 5111 1030 5164 oei
1063 5106 1228 5173 lectionibus]
1279 5114 1335 5159 esta
1350 5105 1446 5159 Latini
1460 5105 1629 5157 ierooadesn
1648 5117 1720 5167 quae
1733 5099 1844 5160 Graeci,

670 5201 710 5235 so·
732 5181 910 5250 scriptorum.
944 5180 993 5233 Sic
1017 5176 1122 5246 scripsi
1144 5174 1231 5241 ssogi-
1279 5182 1405 5242 tempora
1424 5174 1605 5226 observant.“
1627 5169 1713 5222 Eunu.
1736 5195 1771 5206 -
1794 5165 1838 5220 Gi.

671 5254 750 5305 tants
783 5265 878 5304 sssss.
932 5250 1037 5304 Solius
1071 5242 1228 5316 putaverim
1280 5241 1392 5297 dediti.
1411 5260 1434 5293 c.
1454 5243 1494 5304 14,
1515 5238 1528 5304 ρ
1547 5241 1589 5288 21.
