5092 6425
1158 871 1295 940 CAPUT
1315 872 1356 937 ll.
1779 895 1868 939 mu

642 1048 676 1100 ad
695 1014 950 1098 buac‘h'lavianum
969 1041 1082 1095 ridetur
1100 1041 1233 1095 retulisse
1250 1058 1322 1111 quae
1339 1042 1472 1112 leguntur
1489 1043 1564 1110 apud
1582 1043 1715 1098 loannem
1733 1042 1870 1096 Saresbe·

644 1133 765 1187 rieosem
786 1131 815 1183 in
830 1129 1002 1182 Policratico
1020 1127 1082 1180 sir'e
1098 1128 1133 1179 de
1149 1128 1299 1181 curialium
1318 1128 1403 1196 nugis
1422 1128 1471 1180 lib.
1489 1129 1526 1181 tl.
1547 1146 1609 1197 cap.
1626 1135 1683 1183 itis
1707 1129 1765 1180 Hoc
1781 1136 1870 1181 cam

644 1218 738 1271 assuit
760 1217 949 1269 Flauianus
971 1215 1005 1266 io
1029 1214 1114 1266 libro
1133 1215 1189 1283 pai
1209 1215 1246 1267 de
1268 1215 1427 1285 uestigiis
1449 1215 1720 1284 philosophorum
1744 1215 1869 1267 inscri-

644 1305 744 1368 bitur,
760 1308 791 1354 et
806 1301 857 1352 lib.
869 1301 941 1352 Vlll.
960 1315 1022 1367 cap.
1042 1302 1098 1352 ll.=
1120 1300 1160 1351 Vb
1177 1300 1317 1354 historiam
1332 1309 1380 1354 aat
1393 1301 1519 1367 fabalmn
1536 1302 1607 1369 qaod
1624 1302 1666 1353 his
1683 1302 1769 1353 uerbis
1787 1303 1870 1364 refert

647 1387 787 1441 Petronius
802 1402 854 1454 pro
874 1386 952 1438 libita
974 1385 1133 1454 appellabis.
1170 1385 1214 1437 Ite
1231 1392 1319 1437 tameo
1336 1402 1368 1437 cs
1381 1388 1461 1452 sacto
1482 1388 1610 1440 accidisse
1626 1388 1726 1455 Ephesi
1749 1394 1775 1440 ct
1794 1387 1870 1439 Fla-

644 1475 766 1525 vianae
787 1478 882 1524 castor
904 1478 951 1524 est.
986 1470 1064 1522 Adde
1089 1468 1270 1537 ib.ccp.1a.
1294 1488 1353 1522 ceos
1376 1477 1440 1523 teste
1461 1471 1627 1536 Quintiliano
1655 1473 1761 1524 Valerio
1791 1471 1869 1523 Pla·

644 1560 743 1612 oiaoo
762 1566 787 1611 et
805 1559 869 1610 aliis
886 1557 978 1610 maltis
997 1557 1119 1608 Socrates
1136 1556 1216 1608 ctiam
1233 1557 1262 1608 irs
1279 1564 1410 1609 smectate
1428 1557 1551 1610 didicerit
1568 1559 1712 1623 maricam,
1734 1564 1777 1609 etr
1799 1557 1871 1623 Quid

645 1660 709 1713 crgo
726 1643 785 1695 ciro
810 1661 868 1694 coci
889 1642 1009 1710 speculo,
1035 1642 1089 1694 nisi
1107 1642 1136 1694 irs
1155 1659 1185 1694 eo
1205 1660 1269 1695 casa
1290 1659 1343 1710 pao
1360 1643 1430 1695 iliad
1448 1643 1586 1695 Platonem
1604 1652 1725 1712 gestasse
1741 1645 1816 1696 testis
1831 1650 1871 1697 cst

647 1729 850 1781 Flauianus.
894 1726 978 1778 certe
1000 1727 1164 1780 Macrobius
1188 1729 1228 1795 (l,
1250 1732 1281 1791 5,
1304 1730 1360 1793 1³.)
1387 1728 1529 1781 hominem
1555 1728 1778 1780 eruditissimum
1806 1744 1870 1781 eun

644 1813 736 1865 luisse
755 1812 826 1865 dicit
841 1812 888 1865 his
907 1812 1014 1864 verbis:
1033 1814 1079 1881 pai
1095 1821 1194 1880 poento
1213 1815 1247 1866 sit
1263 1815 1386 1866 mirando
1403 1815 1470 1878 uiro,
1493 1817 1608 1867 Venusto
1624 1823 1710 1882 patre,
1725 1823 1870 1882 praestari·

645 1901 715 1966 tior,
740 1917 797 1950 noo
819 1899 907 1950 minas
930 1906 1026 1951 ornatu
1044 1915 1146 1951 moram
1162 1901 1351 1970 gravitateque
1367 1903 1440 1954 vitae
1463 1918 1542 1968 paam
1567 1900 1661 1967 copia
1680 1901 1872 1967 protendat

646 1985 805 2038 cruditionis
824 1985 959 2049 adseruit,
985 1983 1033 2036 ubi
1053 1983 1226 2051 Scriverius,
1254 1986 1303 2053 qui
1320 1987 1442 2040 coniecit
1463 2002 1526 2037 esse
1544 1985 1723 2038 scribendum
1742 1986 1872 2039 Murem

652 2071 726 2122 Viris
747 2071 875 2134 Venusto,
901 2068 1009 2137 primus
1030 2070 1103 2122 vidit
1125 2073 1240 2124 Venusto
1263 2089 1316 2124 uon
1340 2089 1402 2125 esse
1419 2071 1579 2124 habendum
1597 2087 1646 2138 pru
1664 2071 1805 2124 adiectivo
1821 2071 1872 2125 secl

648 2171 699 2221 pro
718 2153 847 2205 Floriani
869 2154 958 2222 patris
978 2155 1105 2208 nominer
1137 2156 1186 2224 qui
1203 2158 1344 2210 Venustus
1367 2160 1489 2212 lortasse
1511 2157 1586 2208 idem
1608 2163 1651 2209 est
1673 2174 1707 2209 ac
1734 2174 1815 2224 quem
1837 2174 1873 2210 ex

648 2238 759 2291 vicario
777 2254 839 2289 cam
855 2240 1036 2293 Praetextato
1053 2242 1088 2292 ed
1109 2243 1335 2295 Valentinianum
1355 2243 1525 2311 deprecandi
1542 2258 1628 2295 causa
1646 2242 1763 2295 missum
1787 2243 1875 2297 relect

650 2324 814 2376 Ammianus
825 2324 1006 2378 Marcellinus
1022 2327 1072 2380 lib.
1088 2328 1213 2380 xxvtlt.
1233 2347 1257 2380 c.
1276 2333 1313 2380 l.=
1330 2344 1394 2381 uam
1413 2327 1460 2395 qui
1479 2327 1551 2395 apud
1565 2329 1715 2379 Gruterum
1733 2347 1761 2397 p.
1780 2342 1874 2382 ccclx.

652 2414 678 2461 6.
703 2417 870 2463 memoratur
888 2413 1026 2465 Venustus
1050 2431 1112 2465 cum
1133 2413 1238 2466 Sabino
1259 2415 1357 2467 consul
1379 2414 1408 2466 in
1430 2413 1520 2464 multo
1536 2413 1658 2480 priorem
1678 2413 1780 2466 incidit
1797 2421 1874 2469 aeta·

650 2503 708 2549 tem
727 2494 832 2564 (ccliii
851 2515 878 2564 p.
896 2497 971 2563 ch).

718 2583 824 2635 Filium
847 2583 933 2635 huius
956 2583 1121 2637 Nicomachi
1144 2584 1273 2638 Flaviani
1297 2585 1606 2637 Drakenborchius
1629 2585 1657 2637 in
1681 2584 1799 2652 Syllaba
1826 2602 1874 2640 co-

650 2667 744 2720 dicum
762 2684 829 2720 mse.
847 2669 922 2721 Livii
939 2668 974 2722 T.
993 2669 1052 2721 Vll.
1064 2672 1103 2739 'p.
1125 2676 1174 2723 321
1194 2689 1254 2739 sqq.
1280 2672 1336 2737 (ed.
1354 2670 1460 2739 Stuttg.
1480 2669 1515 2722 Τ.
1533 2671 1590 2723 XV.
1613 2688 1639 2738 p.
1656 2673 1729 2733 ott.)
1748 2671 1875 2725 affirmat

650 2754 743 2807 fuisse
766 2755 1018 2808 Nicomachum
1041 2755 1243 2810 Flavianum
1264 2757 1444 2822 Dextrum,
1470 2758 1644 2824 praelectum
1667 2756 1761 2819 urbis,
1791 2773 1874 2823 quem

650 2840 761 2895 bivium
796 2840 990 2894 emendavitne
1023 2858 1058 2892 ex
1090 2841 1343 2909 subscriptionibus
1379 2842 1565 2910 complurium
1598 2844 1703 2895 scimus
1736 2843 1873 2895 codicum.

649 2927 720 2980 Post
746 2926 937 2979 Valentiniani
965 2927 1001 2979 11.
1025 2933 1144 2979 mortem
1171 2929 1206 2980 ab
1235 2928 1363 2997 Eugenio
1395 2936 1513 2997 tyranne
1539 2945 1612 2981 auno
1639 2928 1799 2981 cccxcttl
1829 2928 1876 2981 vel

650 3013 815 3066 cccilclV.
832 3030 895 3065 eum
916 3014 1121 3080 praefecturam
1141 3015 1220 3066 urbis
1237 3015 1403 3079 obtinuisse,
1421 3031 1539 3082 eamque
1556 3031 1573 3067 a
1591 3013 1754 3067 Theodosia
1772 3015 1875 3082 Magne

651 3104 778 3167 ereptum
798 3101 834 3151 ab
844 3098 971 3150 Honorio
990 3098 1050 3151 eius
1066 3097 1127 3150 lilio
1144 3099 1286 3166 recepisse
1303 3117 1375 3153 auno
1390 3100 1557 3165 cccxciii,
1575 3107 1604 3153 et
1619 3102 1735 3154 Daciam
1747 3105 1794 3167 (an
1804 3100 1876 3154 cae·

653 3188 745 3240 cinam
754 3182 909 3239 Albinom'i
919 3185 956 3237 ct.
967 3184 1005 3250 d.)
1024 3185 1052 3237 ei
1062 3185 1234 3239 successisse
1251 3203 1284 3240 ex
1294 3185 1459 3256 Symmachi
1473 3187 1604 3256 epistolis
1618 3189 1682 3255 (lib.
1693 3189 1737 3240 lV.
1748 3192 1837 3257 cpp.5
1847 3192 1877 3242 et

651 3279 683 3338 ’ῖς
701 3274 752 3325 lib.
772 3272 802 3323 V.
816 3289 861 3338 ep·
880 3274 912 3335 63
931 3270 980 3322 lib.
999 3270 1059 3321 vlt.
1079 3288 1141 3339 epp.
1158 3277 1200 3324 50.
1217 3275 1350 3339 95-104.)
1373 3280 1401 3326 et
1414 3292 1457 3344 'ex
1481 3274 1577 3325 codice
1596 3272 1795 3325 Theodosiana
1812 3271 1876 3337 (lib.

654 3360 713 3422 Vll,
731 3356 869 3421 sterilli,
887 3357 953 3424 lege
971 3360 1018 3420 153
1037 3356 1088 3409 lib.
1105 3357 1153 3421 xl,
1173 3358 1216 3409 tit.
1236 3358 1322 3423 XXX,
1342 3360 1399 3426 leg.
1410 3363 1459 3422 613
1478 3359 1528 3409 lib.
1547 3357 1625 3420 xttl,
1644 3358 1687 3409 tit.
1700 3359 1732 3422 V,
1750 3358 1808 3424 leg.
1820 3358 1875 3424 Ψ)

655 3443 777 3512 colligit·
814 3442 911 3493 Potuit
931 3441 1020 3510 igitur
1038 3442 1122 3494 etiam
1146 3443 1222 3494 huuc
1240 3443 1401 3496 Macrobius
1419 3445 1448 3495 in
1467 3442 1664 3495 Saturnalibus
1682 3442 1814 3496 iuducere
1833 3444 1877 3497 la·

655 3537 801 3597 quautam,
828 3528 878 3581 sed
898 3527 1030 3580 maiorem
1045 3529 1127 3581 illum
1146 3545 1210 3581 eum
1228 3528 1256 3579 io
1274 3529 1368 3582 animo
1385 3529 1519 3582 habuisse
1537 3528 1693 3596 putaverim
1713 3529 1787 3594 ideo,
1805 3530 1878 3597 quad

656 3624 684 3669 et
701 3616 726 3681 1,
741 3620 766 3678 l,
783 3617 801 3666 4
817 3621 882 3666 aete
895 3613 1095 3682 Symmachum
1113 3633 1176 3667 eum
1194 3615 1334 3680 nominet,
1357 3622 1386 3669 et
1402 3615 1524 3668 secundo
1542 3615 1588 3668 die
1605 3617 1676 3683 apud
1697 3634 1773 3680 euru,
1793 3615 1878 3669 tertio

657 3704 768 3755 demum
790 3701 863 3769 apud
887 3700 1086 3769 Syramechuru
1108 3702 1191 3770 lingit
1211 3707 1377 3756 conventum
1405 3717 1469 3753 esee
1491 3701 1633 3768 habitum,
1659 3710 1687 3754 et
1710 3701 1878 3754 Florianum

656 3792 792 3842 maiorem
813 3787 953 3839 hominem
972 3790 1083 3841 doctum
1101 3790 1190 3842 fuisse
1206 3787 1381 3855 intelligitur
1397 3804 1460 3839 cam
1485 3804 1517 3839 ex
1541 3787 1594 3839 illa
1615 3787 1799 3856 inscriptione
1818 3793 1879 3840 tam

657 3894 691 3928 ex
708 3874 820 3927 Sidonii
835 3873 1006 3940 Apollinaris
1022 3875 1084 3941 (lib.
1100 3875 1174 3926 Vlll.
1193 3892 1235 3941 ep.
1254 3874 1292 3939 3.)
1308 3873 1415 3925 verbis:
1443 3874 1580 3942 Apollonii
1596 3875 1770 3943 Pythagorici
1786 3874 1879 3937 vitaer,

656 3980 723 4024 nco,
748 3968 780 4013 ut
800 3960 1021 4013 Nicomachus
1040 3962 1165 4027 senior,
1186 3977 1201 4012 e
1219 3960 1387 4024 Philostrati,
1413 3961 1474 4024 scd,
1497 3970 1526 4013 ut
1547 3962 1658 4012 Tascius
1681 3959 1881 4012 Victoriooase

659 4045 816 4101 Nicomachi
833 4046 935 4099 schedis
949 4048 1101 4114 exscripsit,
1117 4047 1180 4115 puio
1198 4047 1326 4111 iusseras,
1341 4046 1411 4097 misi.
1446 4045 1588 4111 lienique,
1608 4044 1634 4096 si
1653 4044 1744 4095 maior
1762 4040 1880 4094 minoris

657 4140 739 4200 pater
754 4131 820 4195 luit,
838 4129 885 4183 illi
905 4138 1012 4185 tautum
1031 4132 1117 4185 tribui
1134 4138 1226 4200 potest
1239 4133 1379 4183 Venustus
1395 4136 1483 4198 pater·
1520 4127 1784 4181 Tiraboschius
1802 4126 1881 4189 (sco-

658 4220 703 4271 ria
722 4218 801 4269 della
822 4218 989 4270 letteratnra
1011 4219 1129 4270 italiana
1152 4225 1217 4271 tom.
1239 4217 1266 4268 ll
1291 4235 1317 4284 p.
1336 4219 1408 4281 352.)
1433 4221 1528 4267 censet
1551 4214 1717 4267 Flavianum
1743 4209 1882 4263 Macrobii

660 4322 724 4357 ease
740 4319 804 4355 eum
822 4302 871 4371 qul
890 4319 963 4356 anno
978 4303 1148 4357 cchclll.
1162 4304 1299 4357 ceciderit
1315 4318 1445 4371 pugnans
1463 4301 1491 4353 iu
1509 4302 1635 4353 exercitu
1646 4298 1769 4368 Eugeuii
1786 4303 1883 4351 cantra

662 4390 855 4443 Theodosium
872 4392 927 4456 ¹³).

732 4476 757 4531 d.
791 4474 941 4527 caecina
959 4475 1106 4528 Albinus
1124 4476 1212 4529 intrat
1226 4477 1261 4544 (l,
1278 4482 1308 4539 2,
1329 4478 1380 4541 15.)
1398 4493 1460 4527 cum
1479 4474 1659 4543 Symmacho,
1676 4491 1793 4541 quocum
1811 4470 1883 4524 dici-

661 4568 709 4617 tur
730 4579 790 4614 earn
811 4568 901 4614 aetate
921 4568 977 4614 tum
998 4564 1078 4614 mam
1096 4565 1211 4616 moribus
1225 4578 1264 4615 ’ac
1286 4564 1383 4616 stadiis
1401 4563 1486 4622 tuisse
1502 4562 1736 4636 coniunctissimos.
1771 4559 1883 4610 Primus

661 4648 779 4703 disserit
795 4648 830 4700 cle
847 4645 986 4715 principia
1004 4652 1033 4699 et
1050 4646 1106 4700 line
1124 4648 1218 4701 civilis
1234 4649 1291 4701 diei
1309 4650 1349 4715 (l,
1366 4650 1405 4710 3.)
1424 4646 1484 4713 (ubi
1503 4662 1566 4697 cum
1585 4647 1781 4699 Praetextatus
1800 4643 1839 4709 (1,
1856 4647 1884 4707 ἱ,

660 4737 717 4801 bb.)
742 4735 779 4787 ad
804 4732 952 4786 dicendam
977 4735 1082 4786 excitat
1106 4734 1153 4786 his
1178 4735 1290 4787 verbis:
1322 4736 1386 4803 poia
1410 4742 1436 4787 tc
1457 4733 1582 4803 puicpaid
1603 4734 1632 4783 in
1657 4733 1732 4783 libris
1752 4733 1818 4783 lutet
1842 4731 1884 4781 irr-

660 4823 798 4892 uestigare
819 4821 909 4873 ostias
929 4827 968 4874 ert
985 4838 1064 4889 paam
1083 4830 1113 4875 ut
1134 4838 1182 4890 per
1199 4822 1384 4874 verecundiora
1400 4836 1501 4889 negare
1516 4821 1615 4887 possis,
1644 4825 1674 4870 ct
1690 4835 1786 4869 omncs
1805 4815 1840 4881 (l,
1858 4817 1885 4879 4,

664 4910 702 4969 1.)
719 4908 798 4974 quasi
814 4907 954 4958 uetustatis
969 4908 1180 4973 promptuariom
1196 4907 1287 4959 Albini
1305 4907 1456 4958 memoriam
1474 4906 1591 4958 laudare
1609 4904 1767 4969 dicuntur),
1784 4900 1886 4953 deiude

663 4993 713 5060 (ll,
731 4997 769 5059 8.)
789 4992 823 5043 dc
841 4990 981 5055 bellariis,
1000 4996 1028 5043 et
1044 4992 1107 5058 (ill,
1128 4994 1180 5055 13.)
1198 4992 1233 5043 de
1249 4991 1363 5044 luxuria
1381 4997 1506 5044 veterum
1522 4993 1726 5051 Romanorum,
1745 4992 1774 5038 ct
1794 4986 1851 5050 (Vl,
1870 4986 1887 5034 4

664 5084 693 5132 ct
709 5080 749 5143 b.)
770 5076 861 5130 dedis
880 5094 952 5146 quae
968 5078 998 5130 in
1013 5074 1113 5130 'verbis
1132 5078 1168 5130 ab
1184 5077 1310 5131 Homero
1329 5083 1473 5130 mutuatus
1493 5076 1532 5129 sit
1549 5076 1695 5146 Virgilius.

665 5197 1074 5211 m

701 5237 707 5250 ’
733 5220 936 5330 ”megum
960 5263 980 5316 l.
1003 5279 1027 5314 c.
1047 5280 1073 5329 p.
1097 5268 1123 5316 t.
1146 5263 1181 5315 de
1204 5261 1341 5316 Plariano
1364 5262 1444 5315 iubet
1471 5230 1583 5315 cuiculi
1602 5251 1824 5313 Wernedorlium
1851 5249 1890 5304 ei

666 5330 744 5384 Poet.
764 5329 833 5383 min.
849 5330 905 5383 vol.
921 5330 951 5394 V,
969 5348 997 5396 p.
1014 5334 1073 5384 tat.
