5092 6425
797 870 933 940 eoam
954 870 1000 940 m
1019 868 1147 938 soum.
1166 867 1265 938 scm.
1308 869 1384 934 ma.
1408 871 1432 935 1.
1476 871 1564 971 cre.
1586 873 1638 940 vn
1759 869 1801 941 ao

624 1041 679 1106 illa
699 1047 746 1105 est
767 1061 855 1105 mens
876 1062 915 1106 ex
934 1061 1057 1105 summo
1079 1046 1150 1104 nata
1169 1039 1237 1114 deo,
1260 1059 1340 1125 quae
1361 1037 1443 1105 vices
1463 1044 1639 1125 tempomm
1658 1044 1849 1124 nesciemus]

624 1127 659 1190 in
681 1147 744 1191 uno
767 1147 890 1211 semper
911 1126 994 1210 quod
1016 1124 1103 1190 adest
1121 1123 1262 1190 consistit
1283 1145 1374 1203 aevo,
1414 1145 1564 1208 cumque,
1596 1134 1705 1210 utpote
1727 1150 1797 1206 una,

623 1231 690 1276 non
709 1211 749 1276 sit
767 1209 832 1296 ipsa
853 1210 1062 1286 numerabilis,
1082 1209 1260 1275 innumeras
1278 1217 1383 1275 tamen
1402 1231 1549 1294 generum
1569 1212 1686 1295 species
1709 1220 1740 1276 et
1759 1213 1797 1277 de

624 1317 660 1360 se
681 1302 765 1360 creat
786 1302 818 1360 et
838 1295 919 1359 intra
942 1316 977 1361 se
997 1295 1144 1360 continet.
1187 1295 1263 1360 Inde
1291 1315 1416 1379 quoque
1442 1294 1538 1360 aciem
1566 1297 1725 1380 paululum
1746 1318 1797 1361 co·
1826 1304 1847 1367 9

624 1379 782 1465 gitationis
810 1380 961 1445 inclinans
989 1380 1068 1445 banc
1102 1379 1233 1444 monada
1261 1379 1418 1464 repperies
1447 1379 1485 1443 ad
1516 1381 1651 1446 animam
1680 1381 1797 1446 referri.

623 1465 739 1531 Anima
763 1464 846 1530 enim
872 1465 972 1530 aliena
994 1487 1011 1530 a
1033 1464 1180 1530 silvestris
1209 1465 1391 1548 contagione
1419 1466 1578 1544 materiae,
1616 1473 1737 1530 tantum
1763 1488 1796 1532 se

624 1549 743 1615 auctori
766 1571 823 1616 suo
844 1571 880 1614 ac
899 1550 957 1615 sibi
980 1550 1111 1627 debens,
1151 1549 1321 1634 simplicem
1346 1548 1453 1613 sortita
1475 1559 1631 1630 naturam,
1669 1573 1738 1616 cum
1762 1572 1796 1616 se

624 1633 805 1701 animandae
826 1635 1013 1700 inmensitati
1036 1633 1244 1700 universitatis
1264 1632 1419 1712 infundat,
1457 1635 1578 1700 nullum
1607 1636 1665 1701 init
1690 1645 1795 1702 tamen

625 1742 696 1785 eum
718 1741 773 1786 sua
792 1721 912 1785 unitate
931 1718 1108 1785 divortium.
1151 1718 1261 1794 Vides,
1288 1725 1325 1785 ut
1344 1718 1420 1783 baec
1442 1739 1549 1784 monas
1562 1728 1636 1796 ,orta
1659 1743 1676 1785 a
1696 1723 1795 1806 prima

624 1826 730 1870 rerum
751 1825 843 1871 causa
865 1826 965 1890 usque
987 1806 1025 1870 ad
1045 1805 1179 1869 animam
1203 1803 1320 1888 ubique
1345 1803 1464 1887 integra
1484 1812 1517 1869 et
1541 1826 1662 1889 semper
1687 1806 1796 1871 indivi-

626 1890 688 1954 dua
710 1889 973 1955 continuationem
997 1888 1158 1975 potestatis
1179 1889 1327 1976 optineat
1373 1890 1458 1953 Haec
1481 1888 1519 1952 de
1546 1890 1679 1955 monade
1707 1890 1847 1955 casti-10

625 1975 728 2058 getius
748 1995 841 2059 quam
861 1996 894 2040 se
914 1975 1002 2060 copia
1023 1995 1059 2040 su
1099 1972 1213 2038 erebat.
1256 1973 1372 2039 Necte
1394 1973 1582 2053 remordeat,
1604 1974 1703 2059 quod,
1724 1996 1795 2040 cum

625 2059 712 2122 omni
734 2080 864 2125 numero
885 2080 1027 2146 praeesse
1049 2080 1068 2125 v
1101 2064 1197 2135 eatur,
1219 2057 1250 2122 in
1272 2058 1489 2123 coniunctione
1510 2060 1673 2144 praecipue
1695 2068 1796 2145 septe-

625 2143 702 2207 narii
730 2145 937 2230 praedicetur:
974 2143 1050 2209 nulli
1078 2142 1162 2208 enim
1188 2143 1290 2227 aptius
1317 2143 1456 2227 iungitur
1484 2165 1591 2208 monas
1619 2145 1796 2230 incormpta

627 2248 721 2312 quam
741 2229 861 2314 virgini.
903 2229 984 2294 Huic
1004 2235 1108 2294 autem
1135 2248 1281 2306 numero,
1303 2227 1335 2291 id
1356 2235 1403 2293 est
1421 2230 1610 2326 septenario,
1631 2228 1708 2293 adeo
1729 2230 1794 2314 opi·
1807 2230 1843 2295 11

626 2312 681 2376 nio
704 2312 886 2396 virginitatis
908 2313 1050 2389 inolevit,
1077 2321 1114 2378 ut
1132 2312 1232 2377 Pallas
1254 2333 1380 2398 quoque
1401 2321 1567 2392 vocitetur,
1608 2315 1687 2379 Nam
1708 2314 1795 2397 virgo

627 2396 778 2473 ereditur,
800 2397 873 2481 quia
893 2399 1013 2462 nullum
1034 2419 1071 2462 ex
1092 2418 1125 2463 se
1147 2397 1226 2482 parit
1245 2418 1408 2462 numerum
1432 2397 1618 2483 duplicatus,
1641 2397 1694 2483 qui
1716 2397 1797 2462 intra

628 2482 787 2546 denarium
812 2490 976 2560 coartetur,
999 2502 1092 2567 quem
1112 2482 1247 2567 primum
1270 2482 1400 2546 limitem
1422 2491 1541 2548 constat
1562 2503 1629 2548 esse
1652 2503 1796 2547 numero·

627 2586 711 2631 rum:
742 2567 842 2631 Pallas
863 2567 947 2644 ideo,
971 2567 1043 2650 quia
1064 2588 1102 2632 ex
1125 2567 1220 2631 solius
1243 2566 1382 2631 monadis
1403 2567 1468 2632 letu
1490 2575 1522 2632 et
1544 2567 1796 2651 multiplicatione

649 2652 789 2729 recessit,
832 2652 911 2717 siout
934 2651 1077 2718 Minerva
1103 2652 1169 2716 sola
1200 2673 1239 2716 ex
1264 2673 1328 2718 uno
1356 2659 1481 2737 parente
1511 2660 1582 2716 nata
1608 2651 1797 2737 perhibetur.

627 2673 772 2801 berarius
793 2757 876 2812 vero,
899 2736 953 2822 qui
976 2757 1047 2801 curu
1069 2757 1133 2801 uno
1155 2737 1338 2803 coniunctus
1360 2737 1567 2823 septenarium
1592 2736 1672 2813 lacit,
1695 2736 1795 2802 variae
1807 2733 1847 2798 12

627 2842 663 2886 ac
685 2821 861 2906 multiplicis
883 2821 1041 2906 religionis
1061 2829 1094 2886 et
1115 2822 1270 2908 potentiae
1291 2830 1354 2888 est:
1390 2822 1525 2909 primum
1547 2823 1631 2907 quod
1651 2822 1735 2887 solus
1757 2843 1796 2887 ex

626 2907 770 2971 omnibus
791 2907 928 2971 numeris
950 2906 1004 2991 qui
1030 2906 1111 2972 intra
1132 2907 1236 2972 decem
1256 2915 1330 2972 suut
1358 2908 1396 2972 de
1420 2908 1483 2973 suis
1510 2908 1648 2993 partibus
1668 2914 1797 2972 constat.
1876 2957 1881 2964 .

626 2992 728 3056 Habet
749 2991 831 3055 enim
853 2991 1049 3055 medietatem
1070 2999 1103 3056 et
1123 2993 1244 3057 tertiam
1266 3000 1385 3078 partem
1406 3000 1439 3057 et
1459 2999 1576 3057 sextam
1597 3000 1732 3077 partem:
1764 3000 1796 3056 et

626 3085 674 3141 est
696 3070 842 3140 medietas
862 3076 937 3153 tria,
959 3075 1050 3140 tertia
1071 3097 1140 3160 pars
1161 3076 1237 3153 duo,
1260 3085 1346 3155 sexta
1366 3098 1436 3162 pars
1454 3097 1568 3142 unum:
1590 3097 1670 3161 quae
1691 3076 1847 3154 omniura]

626 3161 717 3227 simul
741 3182 795 3225 sex
816 3161 941 3227 iaciunt.
983 3161 1087 3227 Habet
1108 3169 1140 3226 et
1161 3161 1220 3227 alia
1243 3182 1317 3227 suae
1337 3162 1543 3228 venerationis
1569 3161 1696 3227 indicia:
1732 3162 1795 3239 sed,

627 3267 668 3310 ne
691 3246 809 3330 longior
828 3246 918 3312 saciat
934 3267 1036 3311 sermo
1056 3245 1220 3323 fastidium,
1238 3268 1336 3314 unum
1357 3270 1396 3312 ex
1412 3248 1557 3313 omnibus
1576 3248 1643 3311 eius
1660 3246 1795 3311 officium

627 3351 859 3417 persequemur,
877 3330 961 3417 quod
982 3331 1052 3397 ideo
1071 3331 1283 3419 praetulimus,
1302 3332 1374 3419 quia
1394 3331 1453 3398 hoc
1473 3338 1713 3398 commemorato
1732 3351 1796 3394 non

1352 3496 1354 3500 ¹
1423 3521 1507 3584 [111111.
1524 3518 1728 3588 vicalsgspdzb.

625 3636 660 3647 —
678 3613 738 3675 post
756 3611 828 3668 (om.
843 3606 932 3668 deoru]
949 3606 979 3661 11.
997 3634 1030 3645 -
1048 3623 1105 3659 eum
1116 3609 1225 3672 frustra
1240 3606 1384 3659 cupam.
1401 3635 1434 3647 -
1454 3608 1528 3659 Haec
1547 3613 1586 3659 ert
1601 3606 1650 3657 illa
1665 3604 1697 3657 1².
1715 3631 1748 3643 -
1765 3621 1797 3657 er

623 3692 725 3729 summo
741 3682 807 3726 11111
824 3673 1018 3737 fluescere
1038 3676 1073 3726 cf.
1091 3674 1140 3726 int.
1160 3674 1173 3740 5
1192 3680 1234 3726 20.
1253 3682 1282 3727 ct
1300 3693 1324 3726 c.
1341 3678 1373 3739 2,
1390 3675 1404 3742 5
1421 3677 1460 3731 14.
1497 3691 1626 3726 esummo
1642 3680 1708 3725 nula
1725 3671 1797 3724 Bau.

624 3743 711 3810 cuhg.
751 3758 782 3793 cr
804 3758 904 3795 musmo
926 3750 1010 3795 cuuto
1030 3742 1180 3794 Rle·bP.
1219 3760 1250 3795 er
1271 3760 1371 3795 summo
1394 3750 1479 3795 cuuto
1501 3759 1517 3794 v
1539 3745 1586 3802 (vl
1608 3747 1738 3802 11111111).
1761 3767 1796 3779 -

625 3828 692 3863 ueuc
709 3810 826 3863 consistit
844 3809 875 3891 11.
899 3836 934 3848 -
956 3810 1283 3889 111111111111111111111111
1302 3812 1377 3877 (sup.
1395 3812 1424 3863 in
1440 3811 1505 3863 add.
1521 3811 1588 3875 ron)
1606 3809 1658 3889 112.
1680 3836 1714 3847 -
1735 3807 1797 3875 ipsu

624 3876 1485 4004 labbattlttlltt.barbatulus...
1502 3882 1652 4010 ..lulli
1664 3875 1797 3993 dille]

625 4014 712 4081 r-gG.
746 4029 845 4079 posse
862 4013 958 4078 referri
972 4011 1179 4062 SH2s-bPHsru.
1199 4041 1232 4052 -
1250 4013 1480 4065 1111111111.-
1496 4012 1678 4063 uniomsitulis
1694 4011 1796 4061 tumeo-

624 4084 704 4135 situte
722 4080 837 4131 Rauen.
864 4107 893 4117 -
917 4080 964 4130 sui
981 4081 1084 4131 unitate
1101 4080 1173 4130 Bsrt.
1194 4108 1229 4119 -
1249 4082 1338 4148 prima
1357 4086 1425 4140 (orn.
1443 4083 1475 4138 a)
1494 4095 1528 4129 cx
1547 4079 1623 4128 odito
1641 4073 1798 4141 exemplari

625 4156 670 4212 (a)
688 4148 772 4200 affert
791 4146 864 4197 Mod.
884 4144 917 4197 N.
934 4144 966 4196 Ir.
986 4163 1012 4211 p.
1031 4150 1073 4196 30.
1095 4172 1128 4185 -
1152 4147 1187 4197 ad
1210 4164 1293 4213 usque
1315 4146 1460 4211 Fure-gt}
1483 4146 1703 4208 „membranae“
1720 4140 1796 4193 blod.

625 4218 644 4269 1.
665 4234 689 4268 c.
708 4244 741 4254 -
759 4217 899 4283 integram
917 4221 942 4264 et
964 4230 1063 4280 semper
1078 4214 1249 4265 indiuiduam
1267 4215 1425 4277 „mcmbr.“
1442 4212 1519 4266 Mod·
1539 4212 1558 4262 l.
1578 4229 1602 4262 c.
1753 4211 1797 4259 10.-

624 4284 786 4353 suggerebat
801 4282 879 4342 (udd.
898 4281 969 4333 dicta
987 4286 1061 4342 eunt)
1079 4280 1108 4331 [1.
1135 4309 1163 4318 -
1185 4282 1256 4332 nulli
1272 4288 1374 4333 autem
1393 4286 1469 4345 (sup.
1487 4278 1569 4338 euim)
1588 4277 1640 4329 Ra.

624 4356 670 4404 11.
709 4352 795 4414 infru
818 4348 874 4400 Tu.
896 4377 931 4387 -
957 4365 1080 4416 quoque
1101 4349 1161 4401 ideo
1183 4348 1234 4398 111.
1265 4377 1294 4387 -·
1323 4350 1381 4399 ecla
1405 4347 1536 4411 Mass-b3
1573 4339 1699 4397 restituit
1718 4340 1796 4423 illud.

623 4420 644 4471 l.
668 4435 692 4469 c.
719 4421 841 4468 consent.
863 4416 949 4467 Grau.
991 4418 1051 4467 solo
1079 4432 1139 4483 v-g.
1165 4443 1199 4454 -
1223 4417 1282 4468 sola
1301 4416 1420 4467 minerva
1445 4415 1497 4465 Ra.
1648 4413 1690 4461 la.
1728 4428 1796 4461 rurs·

624 4494 683 4539 ctus
709 4485 762 4535 lte.
791 4512 826 4523 -
852 4486 940 4535 solum
965 4484 1045 4549 v-gG
1070 4484 1150 4549 quod.
1166 4482 1271 4535 delevit
1294 4482 1406 4534 Medius
1435 4481 1453 4532 l.
1475 4499 1498 4531 c.
1543 4473 1606 4545 „Tt
1631 4478 1703 4531 solus
1728 4493 1796 4529 cave

624 4553 770 4605 moveas.“
792 4550 878 4603 Gron.
903 4579 930 4589 -·
955 4552 1027 4602 iutra
1044 4551 1195 4602 Mss.le2
1216 4548 1525 4614 ‚,membrauuc“lliod.
1544 4550 1564 4598 l.
1583 4564 1607 4597 c.
1629 4547 1796 4612 „ilisa-em·

623 4624 695 4673 ucs“
711 4621 796 4671 Gron.
814 4619 863 4685 qui
882 4618 991 4670 confert
1010 4618 1080 4684 511.
1100 4618 1171 4670 iutra
1187 4620 1334 4669 denarium.
1368 4620 1451 4681 infru
1467 4631 1523 4666 Μ,
1543 4643 1571 4652 -
1591 4625 1627 4666 es
1642 4614 1697 4665 suis
1713 4613 1745 4665 F.
1764 4640 1793 4651 -

624 4697 654 4741 et
672 4689 838 4740 medietatem
858 4688 911 4737 Ra.
1065 4688 1105 4736 13.
1136 4687 1226 4749 faciut
1243 4703 1298 4736 om.
1317 4685 1345 4736 H
1361 4685 1439 4749 (add.
1458 4698 1474 4734 a
1491 4698 1547 4733 sec.
1567 4698 1604 4731 m.
1623 4682 1670 4747 F).
1697 4708 1721 4717 -
1743 4683 1796 4744 sa-

624 4759 679 4810 ciat
695 4772 783 4808 meru
801 4754 872 4805 Burs.
890 4782 923 4793 -
937 4751 1080 4818 fastidium
1096 4760 1232 4821 generet
1247 4754 1283 4804 H.
1302 4779 1336 4791 -
1350 4752 1522 4821 protulimus
1535 4749 1606 4801 Burs.
1620 4776 1654 4789 -
1671 4765 1719 4800 uos
1734 4756 1796 4801 lcu-

659 4930 702 4978 10.
738 4923 911 4993 castigatius]
945 4923 963 4975 i.
994 4939 1019 4973 e.
1049 4922 1185 4989 pressius,
1236 4923 1299 4975 doru
1321 4925 1403 4989 pacto
1422 4922 1578 4985 Vulcanus,
1605 4920 1690 4974 etium
1708 4920 1796 4982 Mars,

623 4994 748 5048 brevius.
783 4993 832 5045 Sic
848 4992 997 5058 Augustis.
1014 4991 1101 5042 doctr.
1120 4991 1186 5043 (1111.
1236 4991 1367 5043 dicuutur
1395 4991 1496 5043 lunoni
1525 4992 1580 5041 duo
1606 4989 1719 5042 nomina
1748 4989 1797 5038 de·
1894 5020 1897 5024 -

624 5059 675 5123 lv,
697 5063 737 5112 14.
757 5061 827 5114 dicit
844 5061 1004 5129 castigatius
1022 5060 1117 5127 eloqui.
1236 5060 1333 5110 bere.“
1368 5058 1459 5110 Guos.
1503 5058 1656 5108 Vulcanum
1690 5056 1796 5106 lunone

663 5133 702 5180 11.
746 5130 804 5181 solu
831 5145 863 5179 es
889 5146 942 5179 unc
969 5135 1079 5194 parente
1109 5126 1185 5194 uate]
1236 5127 1298 5177 sola
1330 5126 1457 5193 genitum
1491 5125 1647 5177 retulerunt
1680 5122 1797 5174 Hesiod.

626 5193 1186 5317 ”l-⁰²⁰lt'⁰¹’³.⁰.lt¹:ttt'.⁰tl.⁰.⁰2l
1237 5191 1675 5315 litteratioribus
1695 5190 1718 5253 ¹’
1732 5193 1758 5254 ³²
1771 5193 1796 5239 ⁵·

626 5281 855 5333 uris2qu1usp
1093 5318 1097 5324 ,
1178 5289 1188 5301 ·
1455 5300 1461 5313 .
1549 5292 1606 5323 .,
1678 5290 1685 5305 ·
