5092 6425
1211 847 1405 895 nnamnrxo.
1875 832 1925 900 lx

700 998 727 1062 F.
760 995 946 1060 Donnsnno
981 996 1111 1082 benigno
1142 997 1402 1065 intercedentibus
1433 996 1559 1064 Parisiis
1591 1001 1743 1086 optimum
1773 998 1923 1069 Macrobii

699 1099 833 1165 codicem
860 1119 929 1164 mea
954 1119 1046 1163 causa
1071 1107 1171 1164 totum
1203 1101 1342 1186 quidem,
1379 1101 1433 1167 sed
1464 1101 1495 1166 in
1527 1101 1652 1167 Graecis
1682 1102 1922 1187 diligentissime,

698 1201 828 1267 excussit
856 1203 915 1266 Tu.
943 1202 1153 1278 Pressnxxns,
1179 1202 1322 1292 ‚aliosque
1351 1203 1523 1289 complures
1551 1205 1753 1290 perlustravit.
1800 1204 1920 1271 Eodem

697 1302 751 1368 lere
780 1311 924 1388 tempore
948 1303 1006 1368 alia
1028 1303 1067 1367 ad
1093 1302 1338 1370 Commentarios
1364 1305 1581 1371 insomnium
1606 1306 1758 1392 Scipionis
1780 1306 1919 1392 inprimis

696 1405 877 1490 pertinentia
905 1405 981 1468 mibi
1008 1404 1279 1490 suppeditaverunt
1301 1428 1318 1472 e
1341 1407 1525 1473 bibliotheca
1555 1408 1703 1474 Bemensi
1734 1411 1811 1472 Ana.
1841 1409 1917 1473 lan·

696 1528 781 1584 rrns,
815 1527 833 1570 e
859 1506 1072 1591 Rebdigerana
1101 1507 1190 1572 Foro.
1212 1509 1372 1587 Hansrus,
1404 1509 1444 1574 ad
1469 1530 1537 1574 mea
1560 1510 1660 1574 studia
1685 1517 1844 1595 tantopere
1870 1510 1916 1575 iu·

695 1609 787 1674 vauda
819 1607 972 1672 adductus
1001 1610 1120 1673 allon.
1143 1611 1322 1688 Frcxnaro,
1342 1619 1416 1676 tunc
1439 1610 1560 1676 scholae
1579 1611 1739 1676 Portensis
1760 1611 1915 1696 magistro,

694 1731 769 1774 nunc
793 1709 944 1795 gymnasii
965 1710 1152 1775 Elisabetani
1176 1712 1375 1778 Vratislaviae
1397 1721 1526 1790 rectore,
1550 1734 1651 1799 aquo
1674 1713 1745 1778 licet
1766 1722 1915 1799 occupata

694 1811 780 1877 irerit
802 1812 938 1876 Senecae
960 1811 1069 1876 edendi
1091 1813 1255 1898 provincia,
1278 1836 1371 1900 quam
1393 1836 1451 1902 ego
1472 1834 1555 1880 eram
1578 1823 1788 1901 suscepturus,
1810 1823 1914 1881 tamen

694 1922 808 1978 tantum
841 1914 944 1991 abest,
978 1922 1014 1978 ut
1048 1935 1118 1979 cum
1148 1938 1185 1981 eo
1215 1916 1290 1981 mihi
1319 1925 1422 1981 ortum
1450 1917 1491 1981 sit
1517 1917 1643 2002 aliquod
1669 1918 1845 1996 discidium,
1876 1925 1913 1983 ut

695 2015 797 2081 oadern
822 2015 994 2080 studiorum
1016 2017 1094 2080 ratio
1116 2026 1201 2082 arcto
1224 2040 1280 2083 nos
1305 2018 1497 2083 coniunxerit
1516 2019 1651 2085 vinculo:
1682 2041 1699 2085 e
1721 2020 1911 2085 Berolinensi

694 2120 734 2183 lo.
765 2120 911 2183 annzxo
944 2139 976 2182 se
1008 2118 1220 2204 interponente
1249 2122 1510 2197 Hoxzarnnxrus,
1543 2121 1736 2207 superiorum
1768 2121 1909 2187 ordinum

693 2220 720 2284 in
744 2219 912 2306 Gymnasio
940 2220 1115 2286 Coloniensi
1140 2222 1297 2305 magister:
1330 2243 1347 2286 e
1373 2221 1514 2286 Leidensi
1539 2225 1607 2288 Iac.
1633 2222 1790 2302 Gssxrns,
1821 2224 1909 2288 cuius

692 2321 908 2406 benignitatem
952 2322 1092 2387 eximiam
1138 2323 1254 2408 experti
1301 2324 1388 2387 multi
1439 2323 1555 2387 meritis
1604 2324 1745 2389 laudibus
1793 2325 1907 2388 extule-

682 2432 766 2489 mnt
812 2426 849 2488 In
876 2444 974 2487 unum
1000 2424 1160 2489 etiamtum
1189 2425 1349 2509 cupiebam
1381 2424 1534 2509 inquirere
1564 2425 1716 2502 codicem,
1749 2425 1907 2491 Cantabri-

688 2525 823 2611 giensem
847 2525 916 2590 dico
949 2526 1032 2590 illum
1060 2547 1078 2590 e
1105 2547 1168 2610 quo
1196 2526 1367 2592 Saturnalia
1393 2527 1602 2612 compluribus
1629 2528 1704 2592 locis
1728 2548 1760 2592 se
1785 2528 1906 2612 supple-

688 2627 765 2692 visse
797 2647 968 2712 eoxumque
1000 2627 1139 2691 ordinem
1167 2629 1332 2694 mutavisse
1354 2627 1539 2714 praedicavit
1559 2631 1727 2695 Pontanus.
1771 2630 1906 2706 Frustra,

685 2737 720 2793 ut
743 2729 869 2814 quidem
895 2729 1070 2805 videbatur,
1102 2729 1184 2794 initis
1210 2750 1412 2817 quaecamque
1442 2730 1516 2795 mihi
1541 2731 1686 2816 patebant
1714 2730 1771 2797 viis
1802 2730 1905 2816 putavi

686 2852 755 2896 meo
777 2831 892 2895 iudicio
912 2852 979 2895 esse
1000 2830 1224 2896 conficiendum
1244 2832 1329 2917 quod
1352 2853 1370 2897 o
1390 2832 1496 2898 codice
1518 2833 1685 2897 diiudicare
1705 2853 1768 2896 non
1791 2832 1904 2896 liceret.

684 2933 729 2998 Re
750 2933 923 2997 accuratius
943 2933 1113 2998 examinata
1134 2932 1178 2998 ita
1198 2933 1272 2998 mihi
1294 2933 1440 3018 persuasi,
1462 2933 1676 2999 commenticia
1698 2953 1764 2998 esse
1785 2940 1816 2997 et
1834 2933 1905 2997 licta

684 3035 818 3121 quaein
845 3035 951 3099 codice
976 3055 1009 3099 se
1035 3034 1186 3101 invenisse
1208 3035 1381 3100 simulasset
1401 3036 1570 3100 Pontanus.
1611 3037 1699 3101 llanc
1722 3034 1904 3098 sententiam

682 3138 810 3223 exposui
837 3136 869 3201 in
896 3137 1153 3202 commentatione
1179 3158 1271 3223 quaxn
1301 3137 1369 3201 misi
1394 3138 1428 3201 F.
1451 3139 1649 3202 Tmnscnro
1675 3137 1707 3201 in
1730 3135 1904 3200 academiae

681 3240 877 3305 Monacensis
901 3261 1048 3305 consessu
1072 3239 1267 3304 recitandam.
1323 3240 1413 3319 Quae
1445 3239 1519 3305 dum
1549 3240 1628 3327 typis
1659 3239 1842 3304 describitur
1864 3240 1903 3324 4),

681 3342 807 3407 tandem
832 3341 906 3406 mihi
930 3340 1071 3426 contigit,
1101 3350 1220 3405 utnon
1242 3342 1336 3405 modo
1359 3341 1396 3405 de
1418 3342 1469 3405 illo
1491 3340 1597 3404 codice
1619 3340 1733 3424 aliquid
1755 3341 1903 3416 audirem,

682 3444 735 3508 sed
756 3443 822 3529 ipse
842 3464 913 3507 eum
936 3443 1079 3508 viderem.
1126 3443 1204 3507 Nam
1225 3444 1259 3505 F.
1278 3443 1481 3516 Roarnnrns,
1505 3441 1544 3505 ad
1563 3460 1656 3525 quern
1679 3440 1811 3522 perlatae
1831 3448 1903 3505 sunt

680 3545 785 3609 literae
806 3565 825 3608 a
847 3566 897 3609 mc
918 3544 1006 3609 datae
1029 3543 1068 3608 ad
1091 3544 1295 3608 bibliothecae
1318 3541 1574 3626 Cantabrigiensis
1596 3538 1792 3624 praelectum,
1814 3540 1902 3605 cuius

681 3647 730 3711 ille
751 3647 834 3712 vices
855 3653 929 3724 tunc
951 3645 1092 3729 gerebat,
1116 3665 1179 3709 uon
1200 3643 1351 3709 dubitavit
1372 3650 1456 3707 tanta
1479 3664 1550 3708 cum
1573 3642 1751 3707 liberalitate
1773 3663 1829 3728 pro
1852 3663 1901 3709 me

681 3748 884 3824 intercedere,
915 3755 952 3812 ut
976 3746 1145 3833 syngrapha
1170 3746 1204 3810 L.
1228 3746 1372 3810 librarum
1396 3745 1435 3809 de
1455 3746 1561 3811 codice
1583 3746 1666 3810 salvo
1688 3766 1797 3810 cavens
1818 3746 1900 3812 hune

679 3852 755 3917 mihi
776 3851 927 3915 mitteret:
948 3870 1010 3933 quo
1029 3849 1212 3933 perlustrato
1233 3846 1359 3912 omnino
1377 3846 1438 3912 vidi
1458 3849 1687 3933 comprobatam
1709 3869 1808 3912 meam
1830 3870 1898 3914 sen-

678 3954 807 4019 tentiam
829 3953 867 4037 ⁵).
910 3952 1004 4015 Plura
1026 3950 1064 4015 de
1086 3950 1142 4014 hac
1165 3971 1198 4014 re
1216 3950 1286 4014 vide
1309 3950 1339 4014 in
1362 3950 1585 4034 prolegomenis
1607 3970 1635 4034 p.
1659 3973 1758 4014 xxxrrr
1783 3970 1849 4036 sqq.

765 4157 872 4235 Quum
892 4174 1000 4218 corum
1021 4153 1074 4238 qui
1095 4153 1125 4217 in
1145 4153 1335 4238 antiquitatis
1357 4153 1465 4216 studiis
1488 4158 1645 4216 versantur
1666 4151 1697 4214 in
1719 4152 1822 4216 multis
1842 4152 1897 4215 dil-

679 4259 868 4324 ficultatibns
892 4255 979 4341 quasi
1005 4263 1111 4340 portus
1136 4264 1167 4319 et
1193 4253 1345 4339 relixgium
1372 4254 1411 4317 sit
1435 4252 1624 4326 Macrobius,
1661 4258 1692 4314 et
1714 4260 1829 4334 gratam
1850 4252 1897 4317 his

679 4361 745 4425 lore
770 4381 868 4424 meam
895 4378 1020 4443 operam
1048 4357 1271 4433 existimabam,
1307 4365 1338 4421 et
1363 4354 1449 4419 facile
1477 4374 1526 4417 me
1549 4352 1742 4417 inventurum
1764 4374 1830 4417 esse
1849 4375 1896 4419 re-

678 4463 880 4547 demptorem.
925 4460 986 4525 Sed
1007 4480 1075 4544 spes
1097 4479 1146 4524 me
1168 4458 1280 4523 selellit.
1324 4456 1513 4541 bibliopolae
1533 4456 1704 4541 complures
1723 4463 1896 4540 temporum

679 4584 825 4629 excusare
845 4561 1049 4645 iniquitatem:
1080 4561 1155 4636 duo,
1173 4581 1363 4624 summorum
1378 4559 1522 4631 virorum,
1539 4558 1615 4620 alter
1626 4557 1663 4621 G.
1676 4556 1896 4635 Barcanorum,

669 4666 755 4745 ,alter
777 4665 811 4730 C.
834 4664 868 4727 F.
890 4665 1159 4739 Nascnnsnncnrr‚
1180 4662 1362 4727 auctoritate
1384 4657 1539 4735 commoti,
1558 4659 1712 4744 suscipere
1729 4660 1897 4743 negotium,

751 4946 779 5007 ⁴)
800 4945 842 4993 Cl.
861 4944 979 4993 Bulletin
1002 4945 1052 4992 der
1074 4942 1182 5003 klinigl.
1206 4943 1302 5003 bap'er.
1326 4940 1474 4989 Alsademie
1499 4942 1524 4986 d.
1543 4940 1591 4988 W.
1613 4936 1686 4986 vals.
1714 4940 1746 4986 Ν.
1766 4938 1806 4985 37,
1840 4939 1897 4985 Ge-

678 5031 767 5078 lehrte
787 5028 943 5091 Anneigcn‚
959 5026 1033 5075 tall.
1054 5028 1085 5075 Ν.
1102 5026 1157 5074 172.
1177 5040 1202 5086 p.
1221 5026 1269 5073 339
1289 5041 1349 5087 sqq.
1370 5027 1481 5087 „Ueber
1497 5024 1540 5072 die
1558 5022 1771 5086 urspriinglicbe
1786 5021 1898 5070 Gestalt

678 5115 729 5163 der
744 5112 924 5161 Saturnalien
944 5114 993 5159 des
1012 5109 1205 5160 Macrobius.“

749 5200 779 5256 ⁵)
799 5195 842 5245 Gi.
862 5196 994 5246 Gelelrrtc
1012 5194 1169 5260 anzeigen,
1191 5192 1262 5242 lsslt.
1292 5195 1322 5242 N.
1342 5191 1400 5240 tls.
