5092 6425
1155 856 1292 924 CAPUT
1315 860 1353 924 V.
1777 888 1869 933 uxxxs

673 1025 742 1094 quid
761 1029 905 1078 caelatam
924 1026 964 1089 ll,
983 1030 1029 1091 10,
1050 1030 1093 1090 ta,
1114 1027 1162 1081 ubi
1181 1028 1338 1082 Theaneus
1356 1027 1461 1099 dicitur
1478 1031 1584 1084 habere
1601 1034 1782 1102 instituente,
1800 1053 1865 1103 nou,

673 1119 707 1163 ut
720 1112 751 1175 P,
770 1113 932 1176 instruente,
949 1118 977 1164 ot
995 1113 1023 1163 iu
1043 1113 1252 1181 subscriptione
1271 1113 1382 1179 libril,
1401 1114 1428 1167 in
1443 1133 1498 1182 qua
1516 1117 1545 1170 ia
1564 1117 1613 1170 illo
1633 1134 1695 1185 non,
1711 1127 1742 1173 ut
1760 1122 1788 1174 in
1800 1123 1864 1188 hoe,

673 1197 781 1249 dicitur
800 1196 1015 1250 commemorari
1034 1200 1192 1252 emendatio
1208 1198 1383 1268 Symmachi.

709 1282 852 1335 afluit.
872 1283 1157 1337 Schneidewinus
1175 1286 1205 1336 V.
1225 1285 1267 1338 ct.
1289 1284 1425 1351 reliquias
1444 1285 1616 1340 Graecorum
1637 1298 1864 1360 compactarum

636 1373 699 1420 tusa
730 1368 851 1421 aliorum
878 1368 1047 1435 scriptoram
1075 1387 1092 1423 a
1118 1370 1262 1423 Macrobio
1291 1370 1352 1423 Sat.
1381 1371 1430 1422 lib.
1454 1371 1482 1422 ll.
1510 1388 1571 1439 cap.
1596 1377 1629 1425 l't
1650 1393 1710 1445 sqq.
1737 1385 1866 1441 servulae

636 1453 802 1506 emendavit
821 1457 846 1515 ⁹)
864 1454 994 1506 adhibito
1014 1456 1110 1509 codiee
1127 1457 1303 1519 Parisino,
1326 1455 1373 1522 qui
1396 1464 1441 1507 eat
1457 1473 1536 1508 meus
1554 1458 1620 1510 Pus
1646 1466 1675 1513 et
1692 1480 1792 1517 versus
1809 1465 1864 1518 Isa-

637 1537 713 1589 berii
730 1539 779 1591 lib.
798 1539 840 1603 11,
860 1556 923 1606 cap·
941 1547 967 1606 t,
986 1540 1000 1606 ᾗ
1019 1544 1060 1604 3.,
1082 1543 1116 1594 asl
1135 1560 1205 1609 quos
1223 1542 1411 1595 emendandos
1433 1544 1473 1606 ¹⁰)
1496 1548 1609 1608 praeter
1627 1544 1710 1599 illum
1728 1549 1864 1603 Parisi-

637 1640 713 1675 num
729 1634 758 1676 et
776 1624 982 1689 Gudiauum,
999 1626 1046 1692 qui
1066 1633 1110 1678 est
1126 1643 1205 1682 meus
1221 1627 1256 1693 G,
1275 1629 1310 1680 ab
1329 1644 1362 1679 eo
1380 1627 1526 1680 adhibitus
1545 1633 1589 1680 cst
1680 1660 1683 1666 ·

637 1710 668 1774 6)
686 1709 1033 1778 Moatiapessulauus
1049 1711 1103 1775 (Μ)
1128 1727 1166 1776 „a
1185 1710 1215 1763 F.
1236 1715 1423 1765 Ducbnero
1444 1712 1513 1766 olim
1534 1712 1693 1782 inspectus,
1720 1717 1792 1770 sutis
1814 1737 1862 1772 ve·

674 1799 776 1861 taetus,
790 1798 837 1849 ced
855 1802 886 1847 ut
905 1812 967 1848 rare
983 1795 1068 1847 editis
1085 1796 1205 1849 meliora
1223 1800 1388 1865 prraebeat.“
1409 1801 1452 1861 11)

707 1882 737 1946 b)
762 1881 783 1933 Δ
806 1898 851 1934 me
872 1882 917 1934 sel
942 1883 977 1934 ab
1004 1881 1071 1935 eliis
1096 1899 1158 1936 mca
1181 1900 1267 1936 causa
1289 1902 1351 1937 cum
1376 1884 1584 1952 exemplaribus
1609 1887 1686 1954 typis
1709 1888 1861 1957 descriptis

637 1966 749 2018 collati.

640 2054 667 2114 1)
685 2050 995 2120 Cantabrigicasis
1018 2053 1051 2122 (el
1073 2053 1091 2106 i.
1110 2071 1134 2106 e.
1156 2055 1306 2124 daglicus)
1331 2056 1460 2126 signatus
1482 2061 1612 2110 avetere
1634 2073 1718 2111 mana
1737 2059 1767 2110 Α.
1791 2062 1859 2122 130.,

672 2137 862 2190 arccentiose
882 2138 910 2189 in
930 2139 1029 2190 charta
1051 2139 1136 2192 tronti
1156 2142 1317 2208 praeposite
1335 2147 1409 2207 2611,
1437 2145 1590 2195 membran.
1610 2161 1667 2195 sec.
1686 2142 1778 2207 latta,
1793 2145 1860 2195 ¹tor-

672 2240 734 2276 usae
752 2223 905 2288 maximae,
930 2223 1005 2275 binis
1024 2226 1162 2278 calumnis
1180 2244 1233 2279 nou
1253 2229 1288 2278 ab
1307 2244 1362 2279 uno
1381 2229 1493 2294 peridem
1514 2229 1631 2280 librario
1649 2229 1790 2294 scriptus,
1810 2230 1861 2281 sed

671 2307 811 2376 scriptura
829 2325 883 2359 nou
902 2310 1021 2361 muitum
1041 2310 1227 2378 discrepante,
1244 2313 1271 2363 ia
1291 2311 1390 2378 quasis
1408 2313 1514 2381 pagina
1529 2313 1616 2365 habet
1632 2313 1754 2364 lilllll'l.
1771 2313 1860 2366 lineas

672 2393 738 2447 stilo
757 2395 889 2461 plumbeo
907 2395 953 2446 uel
971 2406 1106 2464 argentee
1125 2398 1223 2449 ductas
1243 2399 1461 2466 suprascriptis
1482 2413 1499 2449 a
1519 2397 1675 2449 recentiore
1695 2413 1777 2450 uranu
1797 2416 1860 2450 scr·

672 2478 729 2530 bis:
753 2480 952 2533 Macrobius
971 2481 1003 2533 in
1023 2483 1287 2535 Saturnalibus.
1322 2483 1454 2535 Continet
1471 2482 1610 2550 dpuleii
1628 2482 1732 2534 librum
1753 2485 1859 2536 dedeo

672 2558 797 2616 Socratis
816 2569 845 2616 et
867 2566 1071 2620 Saturnalia
1094 2578 1122 2621 ct
1140 2569 1237 2621 ordine
1254 2575 1283 2621 et
1300 2569 1458 2621 defectibus
1477 2567 1662 2635 congruentia
1682 2585 1744 2620 cum
1763 2584 1859 2621 exesu-

672 2648 799 2716 plaribus
816 2656 881 2702 ante
900 2651 1055 2705 Poetneum
1074 2654 1174 2718 editis,
1202 2654 1257 2707 nisi
1275 2656 1347 2720 quod
1367 2655 1441 2706 libes
1459 2654 1510 2705 ΙΙΙ.
1530 2653 1627 2705 linitur
1644 2654 1739 2707 uerbis
1757 2658 1794 2719 (c.
1819 2659 1858 2743 19.

672 2736 686 2801 i
704 2739 756 2800 9.)ι
779 2736 908 2788 indictum
925 2754 978 2789 non
995 2739 1187 2808 relinquemus,
1205 2745 1237 2792 ut
1254 2740 1329 2793 desit
1345 2739 1431 2791 huius
1450 2738 1554 2807 eapitis
1572 2754 1638 2805 pars
1654 2741 1747 2794 alters
1765 2746 1793 2793 cl
1811 2759 1859 2795 ca-

672 2820 731 2887 pita
750 2827 781 2873 la
794 2829 823 2873 et
838 2826 883 2886 20,
899 2828 982 2889 atque
999 2825 1108 2876 Graeca
1127 2835 1190 2877 raso
1204 2827 1342 2877 excedunt
1357 2825 1485 2893 singulas
1502 2841 1594 2889 rosea,
1611 2824 1639 2876 iu
1655 2825 1757 2890 quibus
1773 2842 1858 2894 saepe

663 2909 878 2961 confunduntur
892 2911 975 2974 ΑΛΔ,
996 2912 1058 2961 Pet
1073 2912 1108 2976 T,
1128 2913 1158 2963 H
1165 2917 1192 2963 et
1203 2911 1241 2977 N,
1264 2918 1292 2964 et
1310 2911 1416 2963 emissa
1431 2912 1595 2978 plerumque
1610 2909 1773 2963 iudicantur
1790 2912 1858 2964 lite·

670 2994 709 3045 ris
734 2993 786 3044 Gn.
831 2992 943 3046 Literna
969 2995 1095 3048 initiales
1123 2998 1283 3064 cumplures
1310 2999 1399 3049 variis
1425 2998 1568 3049 coloribus
1594 3001 1659 3048 suat
1686 2997 1793 3073 pictae:
1830 2999 1858 3051 iu

669 3079 760 3146 primo
784 3079 871 3142 libre,
898 3079 962 3132 iude
982 3097 999 3133 a
1018 3098 1078 3147 cap.
1101 3085 1156 3147 ta,
1182 3089 1213 3134 ut
1229 3081 1257 3133 in
1278 3082 1449 3135 editionibus
1467 3081 1633 3148 qssibusdam
1653 3082 1796 3136 veteribus
1815 3086 1858 3136 le·

668 3169 774 3232 guntur
796 3165 995 3234 inscriptiones
1018 3168 1120 3234 quibua
1143 3167 1341 3236 significentur
1362 3168 1401 3220 dii
1428 3169 1462 3219 dc
1486 3167 1588 3234 quihus
1612 3173 1656 3220 cst
1678 3185 1780 3222 serrae.
1817 3171 1858 3223 De

668 3252 809 3318 scriptura
825 3253 899 3305 nibil
917 3254 1027 3316 notavi,
1046 3253 1101 3304 nisi
1119 3255 1191 3319 qued
1211 3271 1260 3320 pso
1279 3255 1362 3306 litera
1379 3273 1396 3305 n
1416 3269 1501 3318 saepe
1520 3253 1626 3321 legitur
1642 3254 1800 3308 maiuscula
1822 3259 1857 3320 N,

669 3354 757 3404 eaque
775 3340 851 3390 ultra
868 3339 983 3391 solitum
1003 3340 1115 3391 modum
1133 3340 1263 3403 dilatata,
1284 3338 1414 3406 inprimis
1433 3338 1482 3390 lib.
1501 3339 1531 3389 V.
1551 3354 1610 3403 cap.
1630 3341 1674 3389 22.
1693 3338 1721 3390 iu
1741 3357 1795 3392 uno
1814 3342 1858 3393 lo-

669 3424 708 3475 lio
728 3423 828 3491 inquo
849 3425 934 3476 etiam
958 3424 1050 3477 lineae
1072 3425 1315 3487 sumbernione,
1347 3441 1401 3490 quo
1419 3423 1534 3475 facilius
1552 3423 1717 3489 expleretur
1734 3426 1856 3493 spatium

668 3509 754 3561 huius
772 3509 852 3575 iolii,
868 3512 940 3577 quod
960 3511 1066 3578 excipit
1083 3511 1143 3563 ulia
1162 3528 1270 3562 munus·
1307 3508 1478 3576 compendia
1498 3507 1573 3559 hassi
1593 3524 1671 3574 rara,
1695 3512 1740 3563 aci
1760 3513 1793 3563 ad
1814 3519 1857 3565 to·

668 3602 711 3647 tas
728 3612 810 3648 seces
829 3596 1008 3663 pertinentia,
1028 3606 1059 3649 ut
1075 3603 1111 3662 a?
1128 3613 1178 3663 pro
1195 3604 1249 3660 eet,
1270 3596 1349 3647 Kl’as
1367 3612 1417 3662 pro
1440 3593 1587 3655 Kalendae,
1605 3592 1666 3663 gra*
1686 3613 1735 3661 pro
1753 3601 1857 3666 gratia,

669 3689 682 3730 ¹)
701 3681 868 3748 saepissime
888 3682 993 3750 legitur
1011 3700 1060 3749 pro
1079 3699 1124 3744 sss,
1153 3698 1238 3748 saepe
1259 3698 1308 3747 pro
1332 3697 1380 3732 cen
1399 3679 1443 3730 sel
1462 3695 1536 3739 cums
1560 3669 1726 3747 prigenius
1744 3694 1855 3750 puncto,

668 3767 698 3827 ii,
715 3767 763 3819 ubi
781 3784 835 3819 aon
853 3767 972 3835 simplex
991 3768 1136 3834 punituri,
1155 3768 1263 3819 duobus
1278 3766 1416 3833 apicibus.
1451 3763 1741 3832 Orthographiu'icre
1757 3770 1856 3824 caslem

668 3859 712 3903 est
734 3870 817 3918 quam
837 3872 890 3920 ego
909 3854 1050 3921 expressi,
1075 3854 1126 3904 sed
1150 3852 1268 3919 legitur:
1297 3854 1399 3905 herene
1417 3852 1549 3905 cohercere
1566 3852 1718 3920 lppoerates
1735 3857 1857 3923 pperbole

669 3940 818 3991 Aristotiles
835 3941 915 3991 uelud
930 3940 995 3991 haut
1013 3942 1103 3991 littera
1121 3940 1222 4007 hiemps
1243 3939 1311 3990 alia.
1346 3937 1516 3989 Distributio
1537 3953 1588 4003 per
1604 3937 1666 3989 dies
1688 3956 1856 3992 commemo·

667 4032 747 4076 ratur
768 4025 796 4077 iu
817 4024 1002 4091 inscriptione
1026 4023 1092 4075 libri
1114 4024 1138 4074 Ι.
1162 4030 1190 4075 et
1214 4023 1242 4074 in
1266 4023 1522 4090 subscriptionibus
1545 4022 1681 4074 librorum
1704 4024 1731 4074 ll
1752 4034 1780 4077 et
1796 4026 1855 4077 vlt.

666 4109 806 4162 Numerus
826 4112 961 4164 librorum
980 4110 1093 4161 omnino
1110 4110 1203 4160 nullas
1224 4109 1373 4161 iudicatur.
1411 4108 1495 4159 biber
1513 4108 1556 4158 tv.
1577 4123 1594 4157 u
1613 4105 1697 4158 tertie
1714 4109 1793 4158 nulla
1811 4110 1855 4160 iu·

666 4196 820 4263 scriptione
840 4205 1002 4264 separatur,
1022 4197 1095 4247 liber
1113 4195 1145 4245 V.
1165 4194 1342 4256 inscribitur:
1367 4196 1410 4245 Dc
1427 4194 1507 4245 stilo
1529 4192 1682 4261 Virgilii,
1705 4192 1777 4242 liber
1795 4194 1853 4245 Vb:

670 4284 761 4334 Finit
784 4284 822 4334 de
846 4284 896 4334 lsis
920 4299 1002 4349 quae
1030 4281 1203 4350 Virgilius
1226 4297 1244 4330 ss
1269 4280 1406 4331 Graccis
1430 4277 1548 4331 trusit.
1591 4278 1635 4327 De
1658 4275 1710 4327 irie
1734 4294 1815 4342 quae
1837 4297 1854 4330 a

666 4368 830 4419 ueteribus
859 4369 994 4421 batinis
1026 4369 1119 4418 Maro
1147 4365 1339 4418 transtulit.
1390 4364 1456 4415 Post
1486 4363 1589 4414 libram
1618 4359 1663 4413 b'l.
1693 4360 1855 4436 inseruntur

666 4453 812 4521 glossae
834 4456 983 4519 quaedam,
1016 4449 1235 4519 epitaphium
1257 4448 1382 4500 Senecae
1401 4451 1473 4515 quod
1494 4447 1600 4517 legitur
1622 4445 1650 4499 iu
1670 4447 1854 4516 epistolarum

701 4621 726 4683 ⁹)
747 4619 806 4669 vit.
821 4619 988 4671 Zeitschriit
1008 4619 1029 4669 i.
1048 4618 1205 4671 d.dltes·th.
1217 4615 1392 4669 Wissensch·
1412 4620 1487 4668 1843.
1510 4616 1578 4668 Mai.
1599 4617 1631 4669 Ν.
1647 4622 1681 4670 59
1691 4635 1750 4685 sqq.
1767 4618 1855 4683 „Bei-

632 4686 712 4755 trisgc
727 4704 777 4738 nur
792 4687 980 4754 llerstellung
998 4687 1047 4739 der
1066 4688 1174 4739 Graeca
1193 4686 1220 4739 iu
1240 4685 1400 4737 Macrobius
1415 4684 1627 4745 Saturnalieu“,
1645 4693 1674 4738 cl
1688 4687 1854 4740 Rheiniech.

631 4754 759 4806 blaesum
778 4755 823 4807 hir
837 4756 1011 4823 Philologie.
1036 4755 1113 4807 Neue
1127 4754 1226 4824 Folgc.
1244 4754 1294 4804 lll.
1307 4753 1400 4821 Jahrg
1427 4753 1530 4806 insol.
1547 4772 1574 4821 p.
1588 4760 1622 4804 ‘10
1631 4771 1689 4820 sqq.
1708 4755 1854 4825 „Aeschy-

632 4822 674 4873 los
693 4823 781 4874 Aetna
799 4825 853 4875 uad
874 4824 919 4875 die
935 4823 1086 4875 Palilscn“.

701 4892 743 4956 ¹⁰)
761 4891 820 4943 liid.
841 4892 942 4943 lihein.
960 4891 1089 4943 Murcum
1108 4891 1130 4941 i.
1151 4889 1227 4941 Phil.
1256 4887 1287 4940 N.
1306 4887 1337 4940 F.
1356 4888 1392 4941 ΙΙ.
1405 4888 1507 4954 Jahrg.
1528 4888 1598 4940 inse.
1612 4887 1663 4938 lli.
1681 4906 1707 4953 p.
1727 4892 1777 4940 636
1791 4906 1852 4956 sqq.

702 4961 744 5011 ¹¹l
764 4960 857 5011 Guat.
876 4961 1071 5011 llaenclius
1095 4959 1123 5010 in
1149 4959 1232 5010 catal.
1258 4957 1355 5008 libror.
1376 4974 1443 5009 mss.
1467 4958 1514 5023 qui
1539 4958 1567 5007 in
1587 4955 1769 5008 bibliothecis
1786 4956 1854 5009 Gal-

630 5025 687 5078 liae
706 5033 960 5082 censueramus
979 5028 1068 5093 (bips.
1090 5030 1165 5078 1830.
1192 5025 1246 5089 4⁰.)
1267 5026 1336 5076 duos
1356 5032 1556 5077 commemorat
1574 5025 1685 5075 codices
1704 5024 1732 5075 ia
1751 5024 1854 5075 biblio-

630 5096 714 5147 theca
736 5096 853 5147 acholae
873 5095 999 5147 medicae
1017 5094 1374 5160 Mentispessulanae.
1404 5095 1432 5156 a)
1452 5092 1623 5144 Macrobii
1644 5092 1854 5143 Saturnalia

628 5180 685 5214 sec.
707 5162 783 5214 xlll.
803 5164 956 5215 membran.
977 5164 1005 5214 in
1023 5165 1048 5215 4.
1067 5180 1100 5214 ex
1119 5162 1183 5214 libr.
1203 5166 1273 5212 orat.
1294 5162 1359 5212 coll.
1385 5159 1537 5212 Treceasis
1562 5165 1649 5211 notat.
1675 5159 1708 5208 il.
1728 5162 1787 5210 224.
1822 5160 1852 5219 b)

628 5229 809 5282 Macrobii
827 5231 1037 5284 Saturnalia
1117 5247 1174 5282 sce.
1192 5228 1241 5280 lx.
1255 5229 1371 5281 membr.
1390 5230 1415 5279 4.
1437 5227 1502 5280 (lod.
1521 5227 1634 5279 Pithoni
1653 5232 1682 5277 et
1697 5227 1762 5277 cell.
1781 5224 1854 5276 Tre-

628 5298 724 5352 censis
742 5304 830 5352 notat.
850 5300 887 5350 ll.
905 5303 967 5351 225.

1609 5374 1668 5458 bl
