5092 6425
709 932 753 974 ιιι
1157 858 1492 972 PROIAEGOMENA.

710 1081 748 1143 (a.
768 1077 870 1142 11111),
887 1074 914 1126 in
932 1090 986 1141 qun
1006 1072 1136 1124 dicuntur
1153 1074 1239 1139 „plus
1257 1089 1340 1139 quam
1359 1079 1403 1124 ter
1419 1072 1500 1124 mille
1517 1086 1627 1123 errores
1646 1069 1763 1140 corrigi,
1781 1071 1934 1124 Graecum·

711 1180 765 1229 que
783 1162 856 1228 quod
874 1161 900 1211 in
919 1161 987 1211 olim
1007 1157 1154 1224 impressis
1173 1157 1297 1208 defuerit
1314 1158 1374 1208 fere
1392 1158 1521 1208 amnibus
1540 1157 1610 1208 locis
1627 1158 1761 1224 reponi“,
1790 1159 1865 1210 etin
1882 1159 1935 1209 111-

713 1248 831 1310 viana,
858 1261 929 1312 quae
947 1243 1052 1309 prodiit
1068 1242 1226 1294 venetiis
1244 1259 1269 1294 a.
1288 1242 1421 1294 MDlllll.
1439 1244 1467 1308 (r
1485 1244 1528 1307 3),
1554 1243 1582 1294 in
1601 1243 1681 1294 cuius
1699 1243 1783 1295 titulo
1805 1244 1937 1311 leguntur

711 1333 799 1385 hacc:
823 1332 885 1394 „En
905 1329 958 1381 tibi
977 1330 1066 1380 lector
1084 1327 1300 1390 candidissime,
1325 1326 1501 1390 Macrobius,
1520 1327 1567 1393 qni
1585 1335 1666 1379 antea
1683 1345 1800 1379 mancus
1819 1328 1936 1379 mutilus

714 1433 747 1469 uc
763 1418 840 1469 lacer
856 1414 1121 1476 circumferebatur,
1144 1430 1217 1464 nunc
1238 1412 1360 1479 primurn
1381 1412 1492 1481 integer
1511 1412 1615 1464 nitidus
1634 1420 1662 1465 et
1679 1430 1730 1464 suo
1749 1412 1837 1464 nitori
1854 1412 1937 1465 resti-

714 1508 802 1565 tutus,
819 1501 846 1552 in
862 1518 915 1567 quo
934 1501 1061 1551 Graecae
1079 1498 1238 1550 maiestatis
1253 1499 1390 1566 dignitas,
1408 1498 1497 1562 quoad
1516 1496 1577 1548 eius
1596 1496 1658 1547 lieri
1676 1498 1775 1565 potnit,
1794 1504 1938 1564 superstes

715 1587 884 1653 reperitur.“
919 1584 989 1637 Nam
1006 1585 1173 1636 omittuntur
1192 1584 1300 1634 Graece
1318 1598 1406 1647 paene
1426 1581 1535 1642 omnia,
1561 1597 1632 1647 quae
1650 1598 1685 1632 ne
1704 1597 1721 1633 a
1740 1581 1813 1634 Nic.
1833 1582 1938 1650 Ange-

715 1673 763 1724 lio
782 1672 910 1738 quidem,
941 1677 1055 1721 auctore
1077 1669 1209 1721 editionis
1230 1667 1396 1719 Iustinae
1414 1668 1448 1731 (i)
1472 1681 1544 1732 qnae
1564 1666 1669 1731 prodiit
1687 1665 1896 1719 Florentiae
1913 1680 1938 1715 a.

715 1757 838 1821 MDXV„
858 1756 925 1807 licet
944 1755 992 1806 bic
1010 1755 1091 1807 bonis
1105 1772 1173 1806 usus
1192 1770 1254 1805 esse
1278 1752 1407 1805 videatur
1425 1750 1568 1801 codicibus
1586 1749 1803 1817 manuscriptis
1821 1751 1858 1814 ⁴),
1875 1757 1940 1801 suet

716 1843 857 1908 suppleta.
893 1840 1005 1891 Primus
1029 1839 1083 1889 boc
1099 1839 1167 1890 fecit
1185 1839 1360 1890 Arnoldue
1379 1835 1605 1898 Vesuliensis,
1620 1835 1668 1901 qui
1683 1833 1860 1887 dlocrobium
1880 1833 1939 1884 edi-

717 1927 760 1978 dit
769 1925 852 1977 Colo
861 1942 876 1975 u
885 1925 936 1976 iae
950 1924 1030 1976 annis
1042 1924 1169 1975 1111111111.
1185 1921 1338 1974 1111111111.
1350 1919 1516 1971 blllllllllll.
1526 1921 1576 1983 (c),
1590 1921 1687 1982 nullis,
1700 1928 1730 1972 ut
1742 1921 1803 1987 ipse
1816 1918 1886 1970 dicit
1900 1924 1939 1981 ⁵),

717 2011 862 2063 codicibus
881 2026 964 2061 mann
984 2009 1099 2075 scriptis
1117 2009 1145 2060 in
1164 2009 1218 2059 boc
1238 2008 1336 2059 labore
1355 2005 1478 2069 adiutus,
1496 2004 1556 2067 sed,
1574 2003 1603 2054 in
1623 2003 1693 2071 ipsis
1703 2003 1821 2055 Homeri
1839 2004 1940 2055 carmi-

717 2097 800 2148 nibus
820 2096 986 2161 conquirens
1006 2112 1104 2147 versus
1123 2110 1172 2145 eos
1194 2093 1229 2145 ad
1254 2109 1323 2158 quos
1346 2089 1500 2157 respiceret
1520 2089 1696 2151 Macrobius,
1725 2107 1807 2156 quam
1824 2091 1860 2142 ob
1881 2107 1939 2141 resn

717 2181 820 2232 mirum
836 2196 889 2232 non
908 2188 952 2233 est
970 2198 1055 2248 saepe
1074 2196 1127 2231 noa
1145 2196 1193 2230 eos
1213 2194 1312 2228 versus
1332 2192 1401 2240 quos
1424 2173 1475 2225 ille
1494 2180 1558 2225 ante
1580 2176 1677 2225 oculos
1696 2173 1828 2227 hebuerit
1846 2175 1875 2226 in
1893 2175 1940 2226 leis

718 2265 888 2318 editionibus
914 2265 1045 2317 inveniri.
1080 2265 1175 2317 Verba
1199 2260 1261 2329 ipse
1284 2258 1422 2312 Macrobii
1446 2259 1486 2311 ite
1509 2260 1657 2311 emendare
1683 2266 1799 2314 conatus
1822 2266 1880 2324 est,
1911 2265 1941 2311 ut

788 2425 818 2488 ⁴)
842 2422 886 2474 Cf.
908 2422 1058 2489 epistolam
1079 2422 1113 2473 ad
1136 2421 1268 2473 loannem
1294 2419 1450 2471 Salviatum
1474 2434 1546 2485 quae
1570 2418 1614 2470 illi
1642 2418 1759 2472 editioni
1784 2418 1941 2486 praemisse

720 2495 776 2550 est,
805 2490 833 2541 in
856 2507 910 2555 qua
931 2493 1065 2557 leguntur
1084 2489 1167 2540 baec:
1197 2487 1273 2552 „Nos
1291 2487 1479 2553 vero...qui
1577 2487 1737 2540 Florentiae
1755 2487 1940 2538 humanitatis

719 2559 820 2609 literas
836 2556 948 2622 publice
967 2555 1144 2623 profitemur,
1176 2556 1335 2620 exemplum
1360 2555 1469 2620 aliquot
1492 2564 1617 2606 veterum
1641 2556 1730 2606 secuti
1753 2555 1942 2622 impendimus

720 2640 806 2692 prope
826 2624 880 2674 iam
902 2624 1044 2674 biennium
1069 2638 1180 2689 operam
1205 2622 1287 2673 bonis
1313 2621 1498 2688 scriptoribus
1523 2623 1771 2689 recognoscendis,
1800 2639 1833 2674 ea
1856 2623 1886 2674 iu
1911 2639 1942 2674 re

720 2697 853 2759 quantum
877 2690 941 2742 boni
967 2690 1103 2741 studiosis
1125 2690 1273 2742 attulimus
1297 2689 1382 2755 facile
1401 2691 1506 2756 (spero)
1531 2699 1701 2758 cognoscent
1717 2691 1765 2758 qui
1785 2691 1874 2742 libros
1893 2707 1942 2741 no-

720 2766 797 2811 strae
816 2758 1018 2809 emendationis
1036 2757 1120 2810 titulo
1138 2774 1256 2808 excusos
1272 2775 1335 2808 carn
1356 2758 1424 2809 aliis
1442 2758 1503 2808 eius
1521 2759 1634 2826 generis
1653 2760 1688 2811 ed
1706 2760 1779 2810 banc
1795 2759 1870 2810 diem
1890 2758 1942 2809 im-

721 2826 827 2894 pressis
844 2825 1063 2892 quandocunque
1086 2824 1269 2887 coutulcrint,
1298 2842 1399 2876 sanare
1422 2829 1560 2878 tamenin
1580 2833 1636 2877 tam
1655 2827 1847 2878 inextricabili
1865 2842 1943 2877 meu·

721 2897 819 2947 derum
851 2895 934 2960 sylva
961 2895 1049 2945 multa
1078 2893 1281 2959 exemplarium
1311 2892 1406 2961 inopia
1433 2893 1527 2944 omnia
1556 2895 1673 2946 vulnere
1700 2894 1747 2960 qui
1776 2891 1942 2960 potuimus?

721 2964 801 3030 Quod
823 2961 984 3027 nuperrime
1007 2961 1111 3012 accidit
1132 2961 1160 3011 in
1186 2960 1378 3026 pulcherrirna
1401 2977 1433 3012 ac
1456 2960 1670 3027 disciplinarum
1688 2961 1813 3013 omnium
1838 2963 1943 3013 referta

721 3030 948 3082 saturnaliorum
967 3028 1105 3080 Macrobii
1128 3028 1257 3080 lectione.
1293 3029 1439 3094 Reponere
1458 3029 1546 3092 enim,
1577 3030 1602 3080 si
1623 3046 1677 3094 qua
1699 3031 1799 3081 desunt
1820 3029 1942 3092 Graeca,

721 3097 850 3148 codicum
872 3098 945 3147 unde
968 3103 1048 3147 erant
1066 3097 1230 3164 deprompta
1249 3095 1364 3147 interitu
1386 3102 1436 3147 aut
1453 3096 1577 3159 defectu,
1607 3104 1635 3147 et
1652 3114 1723 3163 quea
1742 3097 1843 3149 betica
1860 3097 1943 3150 tertio

721 3171 876 3232 quartoque
896 3164 969 3217 libro
988 3164 1193 3229 desiderantur,
1209 3163 1338 3230 quamvis
1353 3164 1566 3215 accuratissime
1582 3165 1751 3231 conquisita,
1769 3166 1848 3218 nulia
1862 3165 1944 3218 nobis

722 3234 831 3285 ratione
851 3233 941 3284 licuit.
976 3233 1008 3283 ln
1027 3233 1148 3284 caeteris
1167 3238 1257 3284 tantan
1275 3232 1329 3283 fuit
1348 3232 1500 3298 castigatio
1519 3233 1769 3300 diligentissima.“

791 3305 816 3364 ⁵)
834 3301 929 3351 Editio
950 3301 1040 3366 prima
1055 3300 1127 3352 baec
1143 3300 1277 3351 scribenti
1295 3301 1329 3351 ad
1348 3317 1460 3351 manum
1476 3300 1548 3351 mibi
1566 3302 1698 3353 nonfuit.
1723 3302 1763 3352 Ex
1782 3298 1845 3351 eius
1863 3315 1944 3366 prse-

722 3368 828 3420 fetiono
853 3369 880 3420 in
904 3368 1012 3421 Notitia
1033 3368 1163 3421 literaria
1186 3369 1230 3420 ed.
1249 3367 1364 3435 Bipont.
1387 3385 1414 3435 p.
1436 3384 1476 3418 rx.
1500 3375 1632 3436 excerpta
1650 3376 1714 3420 sunt
1731 3369 1851 3420 haecces
1881 3367 1943 3429 „En

723 3438 775 3488 tibi
796 3438 969 3489 Macrobium
987 3453 1020 3487 ex
1040 3437 1121 3488 foedo
1140 3436 1268 3496 nitidum,
1288 3452 1320 3487 ex
1339 3437 1458 3487 obscuro
1473 3444 1616 3501 apertum,
1632 3436 1791 3503 expeditum
1810 3452 1844 3487 ex
1862 3434 1945 3485 intri-

723 3512 795 3567 cate,
813 3521 846 3554 ex
862 3505 977 3555 confuso
996 3503 1137 3571 digestum
1234 3502 1321 3555 Nulla
1338 3504 1540 3569 exemplarium
1559 3511 1697 3566 vetustas,
1714 3505 1809 3555 nullae
1826 3503 1943 3554 chartae

723 3587 859 3622 excussae
878 3569 1057 3636 pulveribus,
1075 3572 1170 3623 nullae
1188 3570 1353 3636 dispunctee
1371 3572 1563 3636 membranae,
1582 3579 1613 3623 ut
1628 3572 1691 3623 fieri
1714 3572 1800 3631 solet,
1820 3576 1942 3622 nostram

721 3639 797 3689 hanc
816 3640 936 3703 opellam
955 3644 1168 3704 promoverunt=
1198 3638 1245 3689 sed
1265 3638 1291 3689 si
1311 3638 1375 3704 quid
1401 3638 1605 3705 praestitimus,
1634 3641 1662 3691 id
1681 3639 1780 3691 sedulo
1800 3639 1899 3689 labore
1916 3644 1945 3689 et

724 3705 831 3755 crebris
854 3704 1094 3756 lucubrationibus
1117 3706 1261 3757 elimatum
1286 3713 1336 3757 est.
1372 3706 1555 3758 Retexuimus
1578 3707 1665 3759 totius
1688 3707 1824 3758 orationis
1847 3708 1943 3769 telam,

725 3785 781 3824 tam
799 3771 914 3837 propria
931 3772 1039 3822 autoris
1057 3772 1120 3836 fila,
1146 3789 1227 3838 quarn
1251 3773 1372 3825 aliorum
1390 3774 1474 3826 etiem
1493 3774 1599 3825 inserte
1617 3775 1797 3843 subtegmina
1815 3790 1944 3840 perscru-

724 3839 783 3891 tati.
819 3838 848 3888 Si
868 3838 932 3903 quid
951 3839 1080 3890 fortassis
1097 3839 1223 3890 hiulcum
1242 3841 1426 3903 occurrisset,
1454 3858 1517 3893 mox
1535 3842 1741 3905 obstruximus3
1771 3842 1796 3893 si
1814 3857 1944 3908 compac-

725 3915 782 3959 tum
802 3906 894 3967 nimis,
913 3904 1090 3967 diduximus3
1108 3907 1286 3969 sustulimus,
1305 3908 1329 3959 si
1350 3909 1482 3971 nothum3
1499 3910 1663 3971 adiecimus,
1680 3910 1705 3961 si
1724 3909 1944 3961 necessarium.“

724 4003 757 4013 -
775 3976 806 4025 ln
824 3974 944 4038 epistola
964 3974 998 4024 ad
1020 3974 1167 4025 candidum
1187 3976 1319 4027 lectorem
1339 3993 1421 4041 quam
1440 3977 1523 4027 alteri
1546 3977 1663 4029 editioni
1681 3976 1830 4044 praemisit
1844 3977 1943 4027 Vese-

725 4041 868 4095 liensis:
900 4042 1173 4106 „Perlustravimue,
1193 4040 1299 4108 inquit,
1319 4046 1428 4110 aliquot
1445 4045 1633 4096 bibliothecas
1649 4063 1702 4097 non
1719 4046 1867 4111 volgares,
1887 4041 1943 4095 rati

725 4128 775 4162 nos
791 4116 930 4163 vetustum
950 4109 1073 4161 codicem
1093 4116 1252 4175 reperturos
1270 4110 1317 4176 qni
1342 4114 1545 4177 exspectationi
1566 4119 1679 4164 nostrae
1697 4112 1877 4165 satisfaceret

726 4180 805 4245 Quae
824 4196 868 4229 res
886 4196 948 4229 cum
967 4195 1017 4229 nos
1037 4178 1199 4239 fefellisset,
1218 4178 1408 4243 decrevimus,
1424 4181 1496 4245 quod
1512 4180 1563 4230 ille
1581 4180 1630 4243 ait,
1647 4175 1724 4232 πόνω
1741 4177 1789 4230 καὶ
1804 4173 1942 4247 ἀγρυπνίᾳ

725 4264 874 4314 superare,
906 4247 977 4314 quod
998 4244 1105 4312 alioqui
1129 4246 1209 4296 nulla
1230 4251 1345 4298 externe
1366 4264 1418 4312 ope
1436 4254 1547 4313 poteret
1567 4246 1669 4300 evinci.
1704 4232 1875 4298 Sabodoreti
1896 4261 1944 4295 sn-

724 4332 787 4366 mus
802 4314 909 4365 eutoris
927 4314 1077 4379 genuinam
1094 4312 1244 4364 dictionem
1265 4320 1349 4378 etque
1366 4314 1453 4365 totius
1469 4314 1604 4366 orationis
1629 4315 1715 4366 telem
1732 4314 1819 4365 semel
1839 4329 1872 4365 ec
1889 4311 1943 4363 ite-

686 4396 695 4408 ·
725 4398 786 4431 rum
805 4380 1051 4446 percurrimus
1087 4378 1236 4447 coepimus
1253 4380 1375 4446 primurn
1394 4380 1545 4433 immensos
1561 4382 1629 4435 illos
1652 4383 1731 4432 lacus
1752 4379 1944 4432 Graecanicae

724 4447 878 4511 farraginis
900 4447 977 4498 velut
999 4446 1135 4512 appositis
1158 4448 1324 4514 quibusdam
1347 4447 1575 4500 incrustementis
1602 4450 1726 4517 opplere.
1775 4448 1855 4515 Quod
1880 4462 1942 4497 cum

725 4530 778 4564 non
794 4514 917 4573 omnino,
936 4518 967 4564 ut
982 4529 1141 4579 speramus,
1160 4514 1315 4566 infeliciter
1332 4516 1430 4579 cessit,
1449 4517 1581 4569 collibuit
1598 4524 1627 4568 et
1643 4522 1736 4568 cetera
1754 4532 1826 4581 quoe
1846 4514 1943 4566 limans

725 4580 922 4647 exspectabant
939 4586 1033 4633 nostro
1055 4582 1189 4646 penicillo
1213 4582 1361 4649 explorare
1382 4599 1416 4635 ac
1439 4586 1663 4652 qualemqualem
1685 4583 1805 4636 nitorem
1825 4582 1944 4633 reddere

723 4648 816 4699 autori
838 4647 894 4699 iarn
917 4648 1014 4699 multis
1036 4649 1141 4701 seculis
1164 4651 1294 4717 neglecto
1316 4655 1345 4701 et
1369 4668 1439 4717 pene
1461 4652 1593 4704 extincto.
1692 4650 1826 4720 Legimus
1849 4650 1944 4715 itaque

723 4713 861 4766 Athenaei
880 4714 967 4765 libros
985 4716 1020 4766 de
1035 4716 1130 4768 coenis
1147 4715 1291 4769 doctorum
1307 4717 1461 4770 bominum.
1551 4720 1592 4770 Eo
1610 4718 1696 4770 lectio
1714 4726 1755 4770 tot
1770 4719 1944 4770 Graecorum

723 4783 1036 4849 autorum-praeclaras
1060 4783 1215 4835 sententies
1237 4784 1318 4837 nobis
1343 4785 1470 4850 suffecit,
1498 4792 1530 4838 ut
1551 4803 1636 4852 super
1658 4786 1756 4838 decem
1776 4786 1894 4838 lecunes
1916 4789 1945 4835 et

723 4866 771 4902 ees
793 4848 905 4916 quidem
928 4855 1024 4902 vestes
1047 4856 1075 4902 et
1094 4850 1234 4917 spatiosas
1259 4853 1490 4906 obstruxerimus.
1527 4854 1629 4905 Decem
1652 4853 1743 4920 igitur
1764 4852 1900 4905 monstris
1916 4857 1946 4903 et

723 4934 756 4968 eo
772 4918 895 4983 amplius
916 4915 1054 4983 iugulatis
1072 4934 1170 4968 rursus
1188 4917 1239 4970 tibi
1255 4920 1426 4973 Macrobium
1446 4920 1597 4984 tradimus,
1624 4922 1716 4972 lector
1733 4920 1945 4982 candidissime,

723 4990 754 5035 ut
770 4988 860 5036 multo
882 4984 1112 5049 locupletiorem,
1137 4984 1178 5035 ita
1196 4986 1280 5051 paulo
1299 4988 1540 5055 castigatiorem.“
1558 5016 1592 5027 -
1610 4989 1726 5040 Videtur
1744 4994 1838 5040 eutem
1858 4989 1945 5039 Vese-

721 5052 821 5104 liensis
838 5050 1259 5104 babuisseflommentariorum
1278 5055 1402 5108 codicem
1421 5074 1472 5108 ms.
1489 5054 1547 5122 qui,
1569 5059 1600 5106 ut
1619 5071 1697 5107 meus
1721 5054 1753 5119 C,
1772 5054 1946 5107 continuerit

720 5120 771 5171 lib.
790 5121 812 5173 1.
835 5135 894 5186 cap.
916 5122 955 5170 14.
975 5112 988 5183 5
1006 5124 1048 5169 21.
1076 5125 1104 5171 et
1131 5135 1203 5185 quae
1229 5129 1384 5187 sequuntur
1408 5123 1550 5191 usquead
1573 5124 1622 5173 tib.
1648 5123 1684 5174 11.
1709 5140 1772 5189 cap.
1797 5128 1822 5174 9.
1849 5122 1944 5174 finem.

720 5186 789 5239 Nem
807 5188 861 5239 hoc
877 5189 948 5248 loco,
965 5193 997 5239 ut
1016 5188 1044 5238 in
1063 5187 1123 5239 cod.
1139 5184 1169 5249 ⁰,
1188 5188 1322 5256 leguntur
1342 5192 1443 5243 verber
1462 5199 1491 5243 at
1508 5198 1645 5243 contentus
1660 5192 1752 5257 potins
1768 5191 1944 5242 conscientiae

718 5257 838 5323 proemio
860 5256 976 5323 gloriam
993 5274 1045 5306 non
1069 5255 1201 5323 requirat,
1234 5272 1330 5325 ecep.
1348 5275 1406 5325 seq.
1427 5260 1485 5325 Μ.
1511 5258 1567 5310 buc
1586 5260 1739 5321 translate,
1768 5257 1796 5309 id
1816 5258 1890 5324 quod
1913 5257 1943 5309 in

709 5324 794 5375 nolle
811 5321 968 5377 editIonum
980 5324 1110 5393 priorum
1128 5321 1265 5378 invenias.
