5092 6425
1128 870 1321 914 rnanrarro.
1788 848 1834 913 Xl

617 1036 671 1102 qno
695 1015 840 1082 funditus
865 1018 1101 1082 emendarentur
1125 1018 1275 1085 Macrobii
1299 1038 1394 1105 opera
1418 1038 1458 1083 ne
1492 1017 1687 1083 mediocriter
1711 1018 1836 1103 quidem

618 1118 710 1184 adhuc
734 1140 838 1184 ranno
859 1120 964 1189 critica
984 1120 1136 1185 ventilata.

693 1322 767 1386 Hoc
794 1331 943 1409 apparatu
968 1345 1031 1388 non
1056 1331 1176 1388 tantum
1204 1321 1329 1408 quidem
1354 1330 1503 1407 quantum
1529 1322 1635 1388 vellem
1667 1324 1838 1402 coniicitur,

617 1444 678 1487 nam
704 1424 794 1488 nulla
819 1445 837 1490 c
861 1432 910 1489 tot
933 1433 964 1489 et
987 1425 1080 1490 tantis
1101 1424 1218 1489 lacunis
1240 1424 1354 1509 quibus
1376 1423 1464 1508 quasi
1485 1422 1571 1489 hiant
1593 1424 1765 1491 Saturnalia
1785 1449 1836 1492 er·

618 1525 721 1611 piatur,
741 1546 847 1610 neque
866 1526 1042 1611 splendidae
1064 1527 1185 1592 elucent
1205 1525 1449 1591 emendationes:
1473 1532 1505 1589 at
1526 1525 1552 1590 is
1575 1526 1693 1612 eapitur
1711 1526 1839 1605 ductus,

618 1627 664 1712 qui
694 1627 827 1712 quidem
857 1627 889 1691 in
920 1648 957 1692 eo
986 1626 1135 1713 scriptore
1162 1648 1225 1712 quo
1252 1627 1341 1692 multi
1365 1626 1397 1690 in
1424 1627 1606 1713 antiquitate
1633 1627 1839 1713 investiganda

616 1736 739 1793 ulantirr
759 1736 887 1793 auctore
908 1728 981 1793 satis
1004 1737 1051 1794 est
1072 1749 1214 1812 magnus,
1239 1736 1276 1794 ut
1299 1736 1381 1794 certe
1404 1728 1495 1807 scias,
1521 1729 1596 1815 quid
1619 1750 1745 1815 quoque
1767 1731 1835 1798 loco

617 1830 775 1916 scripserit
792 1829 979 1906 Macrobius,
1002 1829 1076 1916 quid
1097 1829 1276 1895 intruserint
1297 1829 1357 1906 alii,
1376 1851 1477 1915 neque
1500 1829 1541 1895 sis
1561 1831 1673 1897 dubius
1693 1830 1733 1917 (id
1755 1835 1839 1918 quod

675 1932 860 2018 praesertim
890 1932 945 2016 qui
970 1933 1136 1998 utebantur
1163 1931 1299 1997 editione
1324 1930 1502 2017 Bipontina‚
1541 1932 1686 1999 latissime
1714 1936 1839 2020 quidem

617 2042 737 2118 vagata,
773 2034 828 2098 sed
853 2034 1050 2099 adnotatione
1074 2033 1200 2098 omnino
1224 2040 1360 2110 carente,
1394 2033 1505 2099 accidit
1528 2034 1729 2122 saepissime),
1764 2058 1837 2103 num

616 2135 691 2201 lides
713 2135 855 2201 habenda
878 2134 918 2200 sit
940 2135 1039 2202 verbis
1063 2156 1142 2221 quae
1164 2135 1304 2220 legantur
1330 2135 1362 2201 in
1385 2135 1422 2199 iis
1444 2134 1581 2220 partibus
1603 2156 1683 2221 qliae
1705 2146 1839 2205 vetusta·

617 2244 679 2301 mm
704 2237 853 2302 tulerunt.

707 2440 802 2520 Quod
822 2448 867 2518 ut,
889 2438 1091 2525 quantumin
1111 2460 1161 2504 me
1180 2446 1271 2517 esset,
1293 2446 1488 2525 praestarem,
1511 2447 1722 2526 apparatum
1744 2444 1842 2510 criti·

618 2563 699 2607 cum
723 2542 778 2627 qui
804 2541 878 2606 mihi
903 2543 1085 2626 suppetebat
1110 2540 1212 2625 recepi
1237 2541 1406 2624 integrum,
1438 2539 1497 2605 nisi
1521 2542 1605 2627 quod
1626 2543 1717 2609 omisi
1736 2556 1840 2631 aperta

619 2643 772 2728 quaedam
794 2644 987 2709 librariorum
1013 2642 1123 2708 menda
1142 2650 1173 2708 et
1194 2642 1416 2728 discrepantem
1437 2643 1700 2730 orthographiam,
1720 2647 1758 2712 dc
1780 2671 1842 2735 qua

619 2745 652 2810 in
673 2747 900 2831 prolegomenis
921 2767 986 2831 cap.
1006 2746 1064 2809 lll.
1087 2744 1129 2809 ita
1148 2745 1207 2830 egi,
1226 2753 1263 2809 ut
1280 2744 1354 2809 nihil
1374 2743 1437 2809 lere
1456 2745 1531 2809 mihi
1552 2746 1755 2814 adiiciendum
1775 2772 1843 2818 esse

620 2847 773 2925 rideatur,
798 2848 855 2912 nisi
881 2847 912 2911 in
934 2846 1039 2932 primis
1063 2847 1192 2931 plagulis
1212 2868 1262 2911 mc
1282 2846 1365 2910 haud
1389 2847 1530 2911 consulto
1553 2850 1770 2916 nonnullorum
1789 2876 1842 2919 vo-

621 2950 803 3014 cabulorum
826 2950 916 3014 aliam
941 2956 1080 3013 secutum
1104 2970 1170 3012 esse
1191 2948 1372 3032 scripturam
1394 2954 1487 3032 atque
1511 2948 1778 3035 insequentibus,
1813 2957 1844 3021 in

623 3051 751 3116 Graecis
772 3073 859 3128 vero,
880 3072 976 3136 quum
999 3050 1030 3113 in
1049 3050 1206 3114 codicibus
1228 3070 1319 3136 saepe
1338 3048 1449 3133 scripta
1469 3048 1530 3113 sint
1550 3050 1645 3115 literis
1665 3053 1794 3134 Latinis,
1814 3067 1846 3124 ct

622 3152 653 3218 in
677 3153 865 3219 editionibus
887 3158 1100 3237 excerptorum
1124 3150 1162 3216 de
1185 3150 1363 3217 differentiis
1386 3158 1417 3216 et
1440 3150 1638 3219 societatibus
1659 3153 1768 3222 Graeci
1786 3159 1845 3225 La·

621 3256 744 3340 tinique
777 3254 862 3320 verbi
894 3254 940 3319 vel
974 3253 1136 3338 utriusque
1166 3253 1287 3337 linguae
1317 3253 1467 3317 clementa
1497 3252 1529 3316 in
1558 3255 1667 3320 eodem
1697 3259 1846 3327 vocabulo

624 3358 719 3421 mixta
740 3357 814 3433 sint,
842 3355 1019 3440 ubicunque
1040 3353 1138 3419 lorma
1158 3362 1239 3418 esset
1260 3353 1392 3429 Graeca,
1420 3374 1469 3416 me
1490 3352 1584 3417 literis
1605 3375 1730 3439 quoque
1752 3358 1846 3426 Grae.

624 3460 668 3524 cis
693 3480 761 3524 esse
782 3478 884 3523 usum.
928 3456 979 3521 Sic
1003 3464 1107 3521 autem
1132 3476 1197 3519 rem
1225 3452 1357 3527 institui,
1390 3459 1426 3515 ut
1454 3452 1575 3517 codices
1599 3474 1692 3518 manu
1719 3458 1847 3544 scriptos

626 3561 779 3645 signarem
800 3557 895 3623 literis
915 3557 1091 3633 maioribus,
1111 3555 1260 3621 editiones
1284 3552 1466 3628 minoribus,
1491 3561 1523 3618 et
1546 3554 1599 3619 ubi
1618 3556 1720 3640 plures
1740 3560 1846 3630 iisdem

625 3662 721 3727 literis
753 3659 917 3745 signandae
952 3658 1149 3742 numerisque
1180 3663 1301 3720 tantum
1335 3654 1566 3739 distinguendae
1602 3659 1647 3743 (ut
1677 3663 1770 3729 viad
1800 3667 1847 3732 vel

627 3764 707 3849 pli)
732 3762 811 3826 inter
832 3782 865 3825 se
888 3760 1109 3836 consentirent,
1128 3779 1222 3822 unam
1244 3765 1363 3822 tantum
1385 3776 1530 3841 ponerem
1551 3758 1669 3824 literam
1689 3763 1718 3846 (v
1740 3766 1785 3830 vel
1808 3770 1847 3853 p).

628 3863 809 3949 Significant
829 3870 932 3926 autem
951 3861 1060 3937 viia,
1089 3858 1120 3924 id
1144 3867 1192 3925 est
1212 3860 1266 3925 vl.
1289 3861 1341 3923 v‘l.
1364 3858 1430 3935 vll,
1460 3866 1523 3923 ires
1544 3860 1693 3928 editiones
1715 3865 1848 3935 Venetas

628 3988 708 4052 quae
730 3965 806 4030 mihi
827 3964 865 4028 ad
888 3983 1011 4027 manum
1036 3968 1134 4026 erant:
1169 3982 1186 4025 e
1212 3960 1324 4046 quibus
1350 3980 1446 4044 quum
1472 3961 1529 4037 vi,
1560 3972 1597 4027 ut
1621 3965 1756 4050 reliquae
1782 3968 1849 4035 eius

626 4067 737 4133 aetatis
757 4064 920 4141 editiones,
945 4084 1042 4149 paene
1061 4061 1187 4127 omnino
1208 4070 1357 4145 congruat
1381 4082 1451 4124 cum
1471 4063 1527 4138 vl,
1556 4085 1618 4127 non
1639 4085 1709 4131 raro
1729 4090 1848 4152 ponun-

627 4178 680 4235 tur
699 4175 822 4232 tantum
841 4166 927 4249 signa
948 4167 991 4229 vl
1015 4172 1046 4229 et
1067 4164 1125 4241 va,
1156 4162 1209 4228 ubi
1232 4163 1352 4246 signum
1376 4164 1417 4225 vl
1441 4163 1673 4247 comprehendit
1693 4168 1785 4233 etiam
1807 4173 1850 4236 al·

628 4280 727 4336 teram
751 4268 931 4345 editionem,
961 4268 1013 4333 vl.
1058 4266 1151 4350 Signa
1172 4284 1322 4329 annorum
1343 4262 1420 4327 serie
1440 4262 1589 4328 ordinavi:
1620 4265 1673 4331 ubi
1694 4271 1851 4355 complura

629 4393 698 4438 sese
722 4370 903 4455 excipientia
928 4376 1015 4435 erant
1035 4365 1260 4451 coniungenda,
1286 4364 1419 4449 primum
1441 4371 1560 4429 tantum
1582 4374 1614 4432 et
1632 4369 1774 4438 ultimum
1795 4397 1850 4461 po·

630 4473 681 4539 sui
710 4473 869 4538 interiecto
899 4470 986 4555 signo
1016 4469 1050 4555 (-)
1080 4469 1117 4553 θ).
1176 4467 1249 4546 Quo
1280 4465 1397 4530 lacilins
1423 4466 1653 4552 intelligeretur,
1688 4474 1762 4558 quid
1791 4478 1852 4544 tale

630 4574 849 4659 compendium
874 4573 976 4648 vellet,
1002 4571 1038 4635 'in
1063 4568 1170 4654 quavis
1195 4568 1305 4653 pagina
1331 4567 1436 4631 dextra
1457 4587 1549 4652 supra
1567 4582 1745 4657 apparatum
1768 4579 1851 4644 criti·

631 4698 704 4742 cum
727 4675 818 4761 posui
840 4673 978 4738 omnium
999 4671 1168 4737 editionum
1192 4669 1279 4753 signa
1300 4668 1473 4754 praeposito
1493 4671 1582 4749 Edd,
1603 4676 1686 4759 quod
1708 4699 1852 4766 compen·

705 4970 734 5025 ⁶)
759 4965 806 5015 sic
827 4979 889 5029 μς
908 4969 955 5025 (=
974 4965 1089 5030 vicahg)
1117 4961 1261 5029 significat
1284 4977 1380 5014 omnes
1403 4964 1542 5015 editiones
1565 4970 1710 5021 avenel·
1729 4973 1749 5022 1.
1766 4986 1855 5036 usque

634 5054 669 5103 ad
688 5050 868 5113 Gryphianus
887 5052 949 5112 lV.,
976 5051 994 5100 i.
1011 5064 1036 5100 e.
1060 5064 1156 5100 omnes
1180 5049 1318 5099 editiones
1339 5060 1410 5110 qrrac
1429 5054 1494 5098 ante
1512 5052 1723 5111 Stephanionem
1743 5058 1856 5116 prodie-

634 5142 715 5188 runt:
734 5136 793 5185 s-ia
813 5139 906 5184 autem
924 5133 973 5198 (=
988 5135 1093 5197 epact)
1112 5138 1177 5195 post
1193 5131 1406 5193 stephanienses
1425 5145 1537 5182 omnes:
1558 5138 1638 5198 v·gb
1658 5142 1705 5196 (ε
1722 5139 1855 5203 vicahgb)

636 5233 733 5271 omnes
750 5218 890 5270 editiones
907 5231 979 5281 quac
999 5218 1164 5281 prodierunt
1186 5221 1251 5267 ante
1269 5215 1482 5279 'raphaniam
1500 5229 1561 5268 carn
1581 5218 1736 5282 Bipontine.
