5092 6425
656 881 696 925 nx
1098 840 1430 925 PROLEGOMENA.

658 1029 748 1095 specu
765 1032 795 1081 et
811 1027 929 1082 seduli.“
963 1026 1129 1079 Nicolaus
1147 1026 1314 1092 Angelius
1331 1025 1360 1078 in
1378 1025 1502 1090 epistola
1519 1027 1553 1078 ad
1571 1027 1703 1079 ioannem
1720 1027 1876 1080 Salviatum

658 1131 737 1180 quam
767 1115 911 1178 praemisit
937 1113 1054 1164 editioni
1082 1113 1211 1164 Iuntinae
1243 1112 1312 1163 dicit
1342 1112 1582 1186 „pulcherrimam
1602 1126 1637 1164 ac
1665 1113 1877 1176 disciplinarum

658 1202 776 1253 omniurn
805 1201 938 1251 refertam
962 1198 1183 1249 saturnaliorum
1205 1198 1344 1248 Macrobii
1367 1197 1548 1249 lectionem“.
1591 1200 1747 1250 Donatus
1771 1200 1879 1250 Vero·

657 1287 775 1338 nensis
794 1286 823 1337 in
841 1285 963 1348 epistola
981 1296 1060 1347 quam
1083 1284 1227 1346 praemisit
1248 1282 1364 1333 editioni
1381 1284 1499 1334 Aldinae
1521 1282 1564 1333 bis
1583 1284 1678 1334 verbis
1697 1296 1758 1334 eum
1777 1285 1876 1334 deien-

657 1371 712 1423 dit:
740 1372 827 1438 „ideo
847 1373 938 1421 autem
956 1369 1020 1419 liuic
1039 1383 1143 1431 operae
1159 1373 1276 1420 nostrae
1293 1368 1451 1432 patrocinio
1470 1371 1518 1418 tuo
1539 1381 1609 1430 opus
1629 1373 1687 1434 est,
1716 1370 1790 1431 quod
1810 1376 1878 1419 suut

657 1457 756 1520 qutibus
774 1454 956 1507 Macrobiana
974 1456 1043 1504 baec
1061 1467 1115 1504 non
1134 1453 1316 1517 undecunque
1336 1453 1574 1517 operaepretium
1591 1454 1742 1505 absolvere
1758 1455 1878 1506 videan-

657 1520 725 1605 tur,
743 1541 842 1604 quippe
860 1552 932 1603 quae
954 1541 999 1590 vei
1022 1540 1056 1590 de
1073 1539 1194 1605 Virgilio
1213 1544 1312 1591 nostro
1332 1551 1387 1589 non
1404 1539 1515 1591 omnino
1535 1551 1628 1588 verum
1647 1542 1782 1602 quoddam
1803 1540 1879 1591 iudi-

657 1627 729 1678 cium
747 1626 924 1692 contineant,
957 1638 992 1677 ac
1011 1625 1104 1688 potius
1128 1630 1157 1674 et
1173 1626 1310 1676 audacter
1324 1629 1353 1676 et
1371 1630 1476 1675 temere
1493 1625 1657 1687 conscripta
1674 1638 1740 1675 esse
1760 1626 1877 1677 videan-

656 1717 709 1764 tur.
745 1715 807 1777 idgo
830 1724 898 1763 vero
917 1711 1090 1762 Macrobium
1112 1711 1182 1761 tanti
1202 1711 1333 1762 momenti
1356 1723 1423 1761 esse
1443 1715 1510 1773 puto
1533 1711 1567 1760 ad
1586 1709 1735 1774 Virgilium
1756 1710 1878 1761 cicero-

655 1810 771 1861 nemque
788 1796 1004 1860 intelligendos,
1024 1799 1055 1846 ut
1076 1796 1157 1859 plane
1174 1792 1313 1847 affirmare
1331 1809 1387 1847 non
1403 1795 1523 1846 dubitem
1541 1796 1604 1858 plus
1624 1808 1704 1846 uotum
1722 1798 1795 1846 bunc
1813 1797 1878 1847 col-

656 1883 775 1935 laturum
793 1894 860 1932 esse
877 1895 956 1946 quam
973 1894 1069 1931 omnes
1087 1881 1207 1932 omnium
1224 1881 1467 1946 grammaticorum
1484 1881 1715 1944 commentarios,
1733 1882 1876 1945 multoque

656 1969 741 2020 etiam
757 1969 821 2031 plus
837 1980 917 2031 quarn
933 1967 1085 2030 praecipue
1102 1967 1239 2032 Virgilius
1257 1967 1318 2030 lpse
1336 1966 1400 2033 sibi,
1417 1966 1541 2029 quamvis
1559 1958 1822 2031 diligenter'iectus
1840 1979 1877 2016 ac

656 2055 797 2118 relectus,
824 2056 970 2115 praestare
989 2055 1082 2116 queat.
1116 2055 1152 2102 let
1166 2065 1229 2103 cuna
1250 2056 1375 2102 veterum
1398 2055 1543 2113 poetarum
1561 2053 1662 2101 nullum
1680 2051 1770 2102 unisse
1788 2065 1877 2115 appa-

655 2141 721 2191 reat
739 2151 817 2202 quem
840 2152 896 2189 non
920 2138 970 2188 ilie
993 2141 1021 2188 et
1043 2137 1158 2188 assidue
1180 2137 1283 2203 legerIt
1305 2142 1334 2188 et
1350 2136 1483 2187 memoria
1501 2138 1726 2198 comprehensum
1744 2137 1876 2188 tenuerit.

656 2226 712 2276 Tot
731 2226 880 2287 praeterea
902 2226 1033 2287 tantaque
1054 2223 1228 2287 Virgilianae
1247 2236 1370 2285 poeseos
1394 2222 1558 2273 mirabiliter
1583 2234 1690 2275 arcana
1709 2223 1876 2290 prodiderit,

656 2322 709 2361 nec
729 2310 871 2373 quisquam
885 2322 1004 2373 unquam
1022 2308 1130 2372 plenius
1150 2310 1219 2360 tanti
1237 2313 1338 2372 poetae
1357 2308 1456 2359 laudes
1473 2307 1511 2357 sit
1528 2314 1708 2373 persecutus,
1739 2308 1876 2358 neminem

655 2395 698 2447 llll
711 2396 766 2446 nisi
780 2395 900 2458 iniquum
917 2408 1033 2458 prorsus
1051 2407 1086 2445 ac
1105 2395 1212 2446 tristem
1232 2396 1293 2447 iure
1308 2395 1435 2447 invidere
1449 2393 1583 2454 dixerim,
1600 2394 1672 2457 quod
1691 2393 1775 2444 etiam
1793 2393 1876 2443 buius

655 2486 757 2545 poetae
773 2482 838 2531 loca
858 2480 990 2542 quaedam
1009 2492 1095 2529 ausus
1114 2479 1153 2528 sit
1169 2492 1309 2532 revocare
1329 2482 1364 2532 ad
1383 2492 1538 2531 censuram.
1574 2479 1653 2538 Quod
1671 2482 1763 2529 tamen
1781 2478 1831 2529 iiie
1847 2482 1876 2528 et

655 2567 685 2617 in
706 2578 763 2616 una
784 2563 907 2614 Aeneide
933 2562 1017 2625 iacit,
1044 2575 1123 2625 quam
1146 2575 1181 2614 ne
1203 2565 1257 2626 ipsi
1280 2565 1385 2629 quidem
1409 2565 1501 2616 atttori
1524 2565 1597 2615 omni
1623 2565 1704 2616 modo
1728 2565 1875 2626 probatam

655 2651 744 2701 misse
768 2651 897 2711 constat,
925 2650 956 2697 ut
975 2646 1003 2696 lu
1025 2649 1078 2698 boc
1098 2651 1260 2701 Macrobius
1280 2655 1382 2714 poetae
1399 2650 1488 2713 ipsius
1509 2650 1641 2701 iudicium
1662 2650 1875 2700 commendasse

656 2736 799 2798 videntum
817 2737 845 2785 et
862 2734 913 2783 sub
931 2732 1049 2784 alterius
1067 2748 1200 2804 persona,
1216 2742 1247 2787 ut
1263 2738 1291 2788 in
1310 2738 1424 2800 dialogo
1442 2740 1573 2799 noscet,
1592 2738 1620 2787 et
1637 2734 1739 2786 Graeci
1754 2735 1874 2785 bominis

655 2832 793 2884 persona,
822 2830 902 2882 quam
924 2831 994 2869 sane
1016 2818 1100 2870 aliter
1120 2823 1197 2873 nullo
1219 2825 1301 2875 modo
1326 2834 1441 2873 servare
1470 2820 1623 2883 potuisset,
1654 2821 1709 2870 nisi
1736 2820 1778 2870 illi
1803 2833 1875 2884 quae

656 2907 792 2957 Graecum
814 2904 949 2954 bominem
971 2905 1105 2969 deceant,
1134 2907 1294 2959 tribuisset:
1324 2913 1353 2960 et
1378 2908 1440 2971 ipso
1463 2910 1529 2968 post
1550 2906 1710 2956 convivium
1735 2907 1873 2971 tempore,

655 3004 716 3042 cum
735 2992 782 3041 vel
801 2994 899 3040 contra
916 2989 1089 3041 manifestam
1108 2993 1269 3061 veritatem,
1287 2999 1318 3044 ut
1336 2995 1424 3045 libere
1442 2993 1566 3057 dicatur,
1582 2991 1704 3054 permitti
1721 2993 1814 3041 solet:
1833 2993 1874 3057 dt,

655 3077 681 3128 si
698 3078 756 3126 ulla
773 3076 801 3126 io
818 3088 851 3127 re
868 3075 960 3140 magni
977 3076 1073 3126 iudicii
1092 3077 1135 3128 vir
1153 3079 1191 3129 sit
1207 3081 1349 3130 habendus
1369 3077 1545 3142 Macrobius,
1570 3076 1597 3127 in
1618 3079 1669 3126 bac
1687 3091 1743 3128 non
1762 3078 1875 3129 sitnisi

655 3161 765 3214 unanimi
787 3162 942 3212 habendus:
977 3166 1061 3227 puto,
1091 3163 1137 3226 qui
1156 3177 1252 3216 omues
1270 3167 1307 3216 ad
1325 3178 1406 3217 anum
1426 3168 1454 3215 et
1471 3163 1598 3215 Platonis
1617 3167 1646 3215 et
1663 3163 1875 3216 Platonicorum

654 3247 786 3311 dialogos
804 3247 845 3297 ita
860 3261 914 3300 usu
929 3248 1012 3300 tritos
1029 3250 1162 3315 babebat,
1179 3250 1220 3301 ita
1235 3251 1356 3314 legendo
1374 3249 1428 3302 sibi
1444 3251 1597 3301 familiares
1614 3248 1764 3317 effecerat,
1782 3255 1814 3302 ut
1831 3252 1876 3302 ni-

654 3334 693 3384 bil
710 3345 771 3383 eum
791 3332 934 3402 videatur,
960 3337 1033 3399 quod
1056 3336 1091 3385 ad
1114 3336 1205 3399 legem
1233 3336 1409 3400 dialogorum
1439 3336 1594 3402 pertineat,
1621 3338 1712 3387 latere
1734 3338 1874 3399 potuisse.

656 3420 733 3481 Quas
751 3422 786 3470 ob
802 3433 849 3471 res
867 3434 922 3486 ego
942 3423 1049 3486 quidem
1067 3424 1121 3471 tarn
1138 3422 1190 3487 iiii,
1208 3427 1240 3473 ut
1257 3422 1340 3473 etiam
1356 3422 1390 3471 de
1409 3422 1529 3486 Virgilio
1548 3422 1576 3475 iu
1593 3422 1732 3484 aliquibus
1748 3423 1875 3475 iudicare

654 3507 786 3570 potuerit,
805 3510 1010 3559 concedendum
1029 3508 1117 3558 tuisse
1134 3508 1272 3574 arbitror,
1298 3521 1377 3571 quam
1395 3508 1467 3557 idem
1485 3508 1609 3558 estsine
1627 3509 1684 3558 ulia
1700 3510 1875 3563 dubitatione

655 3593 729 3644 inter
755 3605 823 3642 vere
851 3594 1080 3656 philosophantes
1105 3591 1376 3644 connumerandus.“
1421 3595 1498 3645 Adde
1519 3593 1719 3656 praefationem
1744 3600 1875 3649 notarum

654 3677 700 3728 io.
717 3676 941 3726 is..Pontani:
968 3679 1095 3743 „liabes,
1118 3679 1305 3744 Macrobium,
1326 3679 1435 3746 lector,
1459 3682 1487 3729 et
1505 3680 1606 3745 babes,
1629 3681 1660 3730 ut
1676 3680 1750 3747 dixi,
1768 3696 1823 3733 non
1843 3688 1875 3734 ut

654 3765 739 3814 antea
756 3764 912 3810 trurncatum
930 3763 959 3810 et
976 3762 1112 3827 lacerum,
1129 3764 1179 3812 sed
1196 3776 1248 3813 sua
1265 3768 1295 3816 et
1306 3764 1396 3815 veteri
1412 3766 1509 3815 torma.
1546 3766 1688 3815 bieruerat
1704 3770 1783 3817 certe
1802 3768 1874 3818 banc

654 3860 768 3911 operam
784 3844 961 3908 Macrobius,
977 3858 1031 3908 quo
1049 3846 1147 3896 nescio
1163 3862 1198 3899 an
1217 3849 1300 3900 bodie
1317 3850 1484 3901 camttiatior
1499 3849 1527 3899 in
1545 3849 1629 3900 Latio
1649 3851 1723 3901 alius
1743 3852 1872 3917 omnige-

654 3946 708 3984 nae
727 3931 864 3982 scientiae
882 3930 972 3992 spico.
1007 3929 1076 3989 Quis
1098 3931 1149 3983 illo
1168 3935 1202 3983 ad
1219 3933 1400 3999 Pythagorae
1418 3934 1600 3998 Platonisque
1621 3935 1715 3986 divina
1736 3939 1874 3999 mysteria

654 4019 701 4070 vel
723 4019 823 4068 ductor
847 4016 947 4067 melior
971 4019 1020 4066 aut
1041 4010 1162 4069 doctor?
1196 4020 1265 4079 Quis
1287 4020 1316 4070 in
1339 4020 1446 4073 orbium
1468 4021 1631 4071 caelestium
1648 4022 1760 4071 ratione
1776 4027 1806 4072 et
1822 4038 1875 4086 po·

654 4103 720 4168 situ,
740 4103 804 4168 quis
821 4102 849 4153 in
867 4114 964 4152 eorum
983 4114 1019 4152 ex
1033 4103 1118 4153 lamii
1136 4105 1241 4167 placito
1262 4107 1448 4157 concentione
1464 4108 1607 4169 prodenda
1621 4101 1786 4158 sublimior?
1816 4112 1875 4159 An-

654 4189 792 4253 tiquitatis
809 4202 877 4239 vero
900 4188 929 4238 in
947 4200 982 4239 eo
1000 4188 1049 4238 iiie
1069 4190 1176 4257 cultus,
1207 4203 1242 4241 ea
1260 4206 1405 4244 sacrorum
1425 4194 1578 4256 rituumque
1599 4193 1747 4257 enodatio,
1774 4193 1825 4245 iiia
1844 4195 1873 4246 in

653 4279 778 4327 veterum
796 4275 998 4326 obtectioribus
1017 4274 1175 4337 aperiendis
1192 4276 1265 4326 locis
1284 4278 1443 4343 accuratio,
1469 4292 1504 4333 ea
1521 4279 1638 4341 denique
1656 4278 1685 4327 in
1703 4278 1775 4340 ipsis
1791 4287 1875 4332 natu·

653 4373 703 4411 rae
724 4360 902 4411 inservientis
923 4361 1081 4425 miraculis,
1109 4362 1227 4423 aliisque
1249 4362 1359 4412 bomani
1376 4362 1483 4425 ingenii
1501 4364 1645 4415 deliciosis
1664 4363 1787 4414 inventis
1805 4365 1874 4416 emi-

653 4445 759 4508 nentia,
778 4446 809 4493 ut
825 4444 916 4503 laudis
931 4444 984 4494 iam
1003 4445 1049 4497 diu
1064 4447 1174 4496 delatae
1192 4446 1288 4496 vitium
1303 4447 1341 4498 sit
1360 4449 1429 4500 talia
1444 4449 1518 4499 velle
1538 4446 1685 4504 laudare.“

722 4528 777 4577 Alii
802 4528 1008 4580 consideratius
1032 4531 1066 4581 de
1089 4543 1125 4581 eo
1149 4531 1354 4583 iudicaverunt
1393 4534 1485 4595 Ipsum
1509 4533 1742 4600 Thomasium,
1771 4535 1819 4598 qui
1842 4536 1873 4586 in

652 4612 852 4676 plagiariorum
870 4626 985 4666 numero
1005 4628 1067 4667 eum
1082 4617 1197 4681 reierat,
1216 4630 1284 4668 esse
1301 4618 1363 4668 eius
1382 4623 1528 4680 patronum
1543 4622 1660 4672 vidimus
1677 4632 1779 4682 supra:
1803 4635 1875 4684 quo-

653 4709 715 4748 cum
734 4697 877 4748 consentit
895 4700 917 4748 1.
935 4702 997 4750 Alb.
1014 4702 1217 4769 Fabricius,
1245 4704 1293 4768 qui
1312 4703 1454 4768 (Bibliotb.
1472 4708 1535 4756 Lat.
1554 4711 1618 4756 tom.
1635 4706 1685 4760 ΙΙΙ.
1704 4720 1730 4767 p.
1750 4705 1810 4756 183.
1827 4709 1873 4756 ed.

653 4780 749 4845 Ero.):
778 4784 905 4850 „itiulta,
928 4784 1032 4852 inquit,
1055 4787 1083 4835 iu
1103 4788 1146 4837 bis
1163 4789 1243 4839 libris
1265 4804 1301 4841 ex
1317 4792 1410 4841 Gellio
1427 4794 1578 4842 mutuatum
1597 4791 1771 4843 Macrobium
1791 4794 1821 4841 et
1837 4793 1874 4842 li-

653 4868 729 4918 brum
747 4868 890 4930 septimum
908 4871 968 4919 iere
988 4870 1127 4935 integrum
1145 4885 1180 4922 ex
1197 4875 1347 4931 Plutarcho
1367 4877 1516 4940 repetiisse
1535 4879 1713 4927 observatum
1732 4882 1793 4941 est,
1821 4880 1873 4929 aed

651 4956 801 5015 propterea
819 4954 966 5017 plagiariis
984 4960 1217 5009 annumerandum
1237 4973 1303 5010 esse
1322 4975 1377 5012 non
1395 4963 1479 5013 facile
1504 4961 1655 5027 dixerim‚“
1684 4968 1714 5013 et
1736 4965 1875 5017 Morbo-

651 5037 722 5088 fius
740 5037 892 5101 (Polybist.
911 5041 986 5091 liter.
1008 5043 1027 5091 l.
1048 5042 1096 5093 lv.
1120 5055 1146 5093 c.
1165 5043 1207 5093 14.
1229 5057 1256 5096 n.
1273 5044 1331 5110 le.)
1354 5052 1383 5097 et
1401 5048 1553 5098 stellius
1571 5050 1738 5111 (introduct
1759 5050 1788 5100 in
1807 5050 1873 5101 bist.

651 5122 695 5174 lit.
713 5122 857 5183 prooemio
881 5126 915 5176 de
939 5126 1058 5178 bistoria
1076 5127 1151 5178 liter.
1168 5132 1323 5192 generatim
1342 5138 1472 5194 spectata
1493 5133 1506 5199 ᾗ
1523 5134 1564 5183 61.
1579 5148 1605 5184 n.
1626 5134 1681 5199 2.),
1712 5148 1784 5197 quos
1803 5136 1874 5187 citat

650 5205 675 5258 l.
687 5208 903 5261 araneolae
921 5211 1098 5277 (De‘vegeta
1110 5213 1229 5267 Latinae
1242 5215 1357 5281 linguae
1373 5221 1519 5269 senectute
1534 5225 1713 5272 commentar.
1729 5218 1742 5284 t
1757 5221 1871 5287 xxm).

652 5290 702 5345 iiis
724 5294 921 5350 adnumerandi
944 5302 1010 5353 sunt
1032 5298 1126 5355 exiis
1149 5314 1221 5365 quos
1244 5314 1332 5366 supra
1353 5303 1568 5360 memoravimus
1588 5305 1712 5360 urano.
1729 5308 1870 5362 biodlus
