5092 6425
820 880 957 950 COMM.
976 878 1021 949 IN
1044 876 1171 947 SOMN.
1193 876 1292 946 SClP.
1334 879 1410 946 LIB.
1430 882 1455 945 1.
1498 882 1587 950 CAP.
1608 884 1706 953 xvn.
1805 887 1847 954 95

675 1053 774 1121 multa
803 1051 892 1116 nobis
920 1049 1087 1115 excolenda
1114 1047 1234 1133 legavit.
1277 1048 1326 1113 De
1350 1056 1468 1134 septem
1492 1051 1637 1117 subiectis
1684 1054 1763 1122 lohis
1786 1058 1898 1139 aitque]

675 1143 731 1229 qui
750 1149 909 1203 versentur
928 1148 1007 1200 retro
1030 1136 1182 1199 coetrcrc'o
1204 1145 1286 1198 motu
1309 1145 1395 1221 etque
1416 1137 1536 1201 coelunt
1586 1075 1684 1216 Quod
1706 1161 1776 1206 oum
1800 1143 1891 1214 di·'t¹

675 1227 726 1304 cit,
747 1230 914 1296 ammonet,
933 1229 970 1286 ut
990 1240 1184 1306 quaeramus,
1205 1219 1230 1284 si
1251 1227 1392 1284 versatur
1412 1220 1545 1286 caelum:
1565 1223 1641 1289 etsi
1663 1224 1707 1292 illi
1726 1234 1844 1312 septem

675 1319 707 1377 et
724 1315 887 1375 servantur
903 1314 935 1370 et
952 1305 1105 1370 contrario
1126 1312 1214 1370 motu
1230 1311 1409 1369 moventur:
1431 1312 1486 1369 aut
1502 1306 1528 1370 si
1547 1306 1631 1372 hunc
1650 1331 1718 1376 esse
1735 1312 1844 1397 sphae-

674 1417 779 1462 rarum
802 1392 941 1458 ordinem
964 1412 1057 1476 quem
1077 1389 1185 1456 Cicero
1208 1389 1302 1454 refert
1320 1389 1477 1456 Platonica
1494 1393 1647 1457 consentit
1663 1396 1844 1464 auctoritas:

675 1490 723 1559 et,
750 1479 775 1546 si
797 1498 869 1545 vere
891 1475 1046 1541 subiectae
1069 1475 1146 1551 sint,
1179 1496 1241 1560 quo
1263 1482 1353 1559 pacto
1376 1474 1482 1540 stellae
1504 1497 1609 1543 earum
1631 1481 1771 1547 omnium
1792 1505 1844 1550 zo·

674 1567 794 1633 diacum
821 1563 952 1628 lustrare
982 1560 1136 1636 dicantur,
1175 1581 1244 1626 cum
1271 1559 1413 1625 zodiacus
1438 1568 1471 1625 ct
1496 1583 1577 1627 unus
1603 1570 1634 1628 et
1661 1565 1693 1628 in
1720 1588 1843 1635 summo

675 1651 758 1717 caelo
784 1649 840 1724 sit,
879 1667 997 1733 quaeve
1019 1645 1098 1711 ratio
1120 1647 1151 1709 in
1175 1667 1237 1712 uno
1259 1644 1384 1710 zodiaco
1405 1644 1534 1711 aliarum
1560 1667 1668 1714 cursus
1686 1651 1843 1721 breviores

673 1739 803 1803 aliarum
824 1733 915 1798 faciat
935 1732 1104 1816 longiorem
1144 1729 1220 1795 haec
1239 1730 1322 1795 enim
1344 1731 1448 1795 omnia
1469 1731 1502 1796 in
1527 1735 1709 1818 exponendo
1736 1759 1843 1804 earum

673 1822 782 1888 ordine
805 1839 930 1905 necesse
952 1826 1000 1882 est
1020 1816 1213 1881 adserantur:
1251 1823 1284 1880 et
1305 1824 1477 1901 postremo,
1504 1839 1564 1903 quo
1585 1820 1704 1887 ratione
1725 1822 1757 1887 in
1781 1832 1842 1890 ter·

673 1929 740 1972 rem
760 1906 907 1980 serantur,
928 1902 1009 1967 sicut
1028 1902 1079 1978 ait,
1099 1904 1200 1966 omnic
1221 1912 1299 1966 cote
1317 1924 1371 1966 saco
1386 1903 1534 1988 pondero.
1575 1905 1700 1971 Versari
1723 1909 1872 1979 caelumil

674 1991 848 2057 mundanae
874 1987 996 2052 animae
1017 1995 1125 2051 natura
1149 1995 1180 2052 et
1201 1985 1247 2053 vis
1269 1993 1301 2051 et
1322 1987 1401 2051 ratio
1423 1986 1526 2066 docet,
1564 1990 1651 2054 cuius
1678 1995 1843 2060 aeternitas

671 2079 704 2141 in
722 2083 809 2140 motu
829 2080 885 2138 est.
928 2071 1010 2150 Quia
1032 2093 1201 2157 numquam
1226 2079 1329 2136 motus
1352 2071 1499 2157 relinquit
1520 2074 1603 2158 quod
1621 2075 1684 2141 vita
1704 2099 1767 2142 non
1790 2080 1842 2144 de

673 2163 756 2238 serit,
779 2159 894 2225 neceb
914 2159 951 2222 eo
972 2157 1034 2222 vita
1054 2156 1182 2222 discedit
1204 2156 1236 2220 in
1256 2176 1319 2241 quo
1343 2156 1423 2240 viget
1442 2177 1564 2242 semper
1580 2159 1725 2243 agitatus:
1747 2163 1841 2246 igitur

673 2257 705 2330 et
727 2243 857 2310 caeleste
875 2264 995 2328 corpus,
1019 2242 1102 2326 quod
1125 2241 1232 2308 mundi
1254 2241 1355 2304 anima
1373 2241 1512 2305 futurum
1534 2242 1592 2307 sibi
1614 2244 1841 2313 inmortalitatis

673 2331 826 2417 particeps
844 2327 988 2393 fabricata
1009 2336 1071 2403 est,
1107 2348 1147 2392 ne
1168 2347 1317 2410 umquam
1340 2325 1472 2392 vivendo
1495 2326 1630 2404 deficiat,
1664 2350 1786 2415 semper
1807 2333 1840 2396 in

673 2424 761 2481 motu
783 2422 838 2492 est,
860 2421 891 2478 et
908 2421 989 2478 stare
1011 2415 1116 2490 nescit,
1135 2413 1207 2498 quia
1226 2432 1283 2475 nec
1302 2411 1367 2496 ipsa
1389 2417 1450 2475 stat
1470 2411 1572 2476 anima
1593 2433 1654 2497 qua
1674 2413 1840 2499 inpellitur.

671 2504 751 2570 Nam
773 2522 842 2566 curn
863 2498 1003 2614 animae,⁸
1015 2519 1095 2585 quae
1115 2497 1297 2585 incorporea
1316 2503 1372 2574 est,
1394 2497 1527 2562 essentia
1549 2497 1589 2563 sit
1609 2497 1642 2562 iu
1663 2507 1758 2578 motu,
1777 2501 1868 2587 pri-ll

1466 2686 1550 2749 [Edd.
1569 2686 1771 2757 vicuhgepdcb.

669 2774 720 2838 Vl,
741 2779 801 2825 727.
955 2776 979 2824 6.
1015 2791 1054 2825 sae
1077 2773 1133 2825 coit
1160 2772 1189 2823 lr.
1342 2777 1367 2824 7.
1403 2775 1635 2840 contraccelum
1656 2775 1702 2825 Hs
1722 2774 1758 2836 (C
1777 2792 1838 2842 sup.

669 2848 771 2910 atque).
797 2871 832 2879 —
858 2841 883 2892 si
903 2848 1030 2920 versetur
1052 2789 1124 2891 ges·
1149 2869 1184 2877 —
1211 2839 1281 2891 huuc
1303 2842 1418 2922 ordiqem
1439 2857 1576 2893 serarum
1603 2847 1671 2902 (om.
1695 2848 1762 2923 esee)
1785 2844 1836 2894 ltr.

668 2908 1467 3044 lttttttttltlffwl.tt..¹³.².;t.·..⁶t¹.⁸tttt...·
1483 2916 1624 3026 ..titt
1631 2912 1838 3030 'ttf‘flttt

669 3043 1023 3109 cestrense-gomma.
1064 3050 1135 3094 sunt
1155 3042 1277 3092 sues-o.
1299 3070 1333 3078 -
1359 3050 1387 3093 ct
1410 3050 1570 3108 quoparte
1593 3042 1624 3093 L.
1648 3073 1683 3081 -
1706 3047 1839 3097 dicuntur
1875 3065 1878 3068 ⁴

668 3112 716 3164 Ca.
736 3142 771 3150 —-
792 3120 816 3164 et
834 3127 903 3161 unus
919 3113 954 3161 sit
971 3117 996 3160 et
1011 3126 1111 3160 summo
1130 3110 1202 3161 caclo
1226 3109 1295 3174 (om.
1314 3109 1355 3173 in)
1378 3108 1410 3158 F.
1463 3117 1487 3159 et
1505 3127 1575 3161 unus
1592 3119 1616 3163 ct
1638 3112 1667 3162 in
1686 3129 1786 3164 summo
1804 3115 1838 3166 sit

668 3181 740 3232 caelo
757 3181 807 3230 R‘t.
830 3207 864 3215 -
887 3177 952 3229 daec
971 3178 1038 3242 (om.
1058 3177 1140 3242 enim)
1159 3176 1188 3228 F.
1210 3205 1244 3214 —-
1265 3193 1369 3228 necesse
1387 3183 1425 3228 est
1442 3184 1476 3228 ct
1493 3175 1525 3227 F.
1678 3182 1704 3230 e.
1737 3188 1838 3233 notura

668 3250 742 3299 docet
759 3256 784 3298 et
799 3247 838 3297 vis
855 3254 880 3298 et
896 3246 967 3297 ratio
986 3244 1018 3294 F.
1034 3274 1069 3283 -
1085 3252 1124 3299 est
1140 3246 1168 3297 in
1184 3253 1255 3297 motu
1272 3244 1323 3294 Re.
1340 3272 1375 3281 -
1392 3260 1461 3323 ques
1478 3246 1534 3295 otte
1550 3242 1621 3294 Burs.
1657 3246 1727 3310 quod
1742 3249 1837 3298 citum

666 3316 698 3367 F.
721 3344 756 3353 -
776 3329 877 3379 neque
899 3328 1024 3378 umquem
1047 3313 1099 3364 Rl.
1250 3316 1275 3362 9.
1311 3329 1370 3363 cum
1392 3327 1483 3361 enema
1504 3327 1530 3363 a.
1565 3310 1753 3377 „Corrigatur
1774 3314 1837 3365 uui·

703 3500 791 3563 XVll,
806 3504 831 3549 7.
867 3506 1006 3560 ammonet,
1020 3506 1050 3551 ut
1060 3498 1229 3567 quaeramus]
1313 3502 1377 3569 quie
1395 3517 1539 3568 numquam
1554 3507 1640 3552 motus
1654 3500 1837 3569 relinquit...

670 3567 890 3635 llispositronem
901 3568 1035 3632 quandem
1048 3583 1143 3619 eorum
1156 3583 1229 3634 qaae
1278 3570 1306 3622 ic
1323 3588 1374 3637 quo
1392 3586 1493 3638 semper
1508 3570 1583 3637 viget
1600 3570 1734 3637 agitatos]
1758 3570 1836 3622 Haec

669 3642 823 3702 sequuntur
842 3636 951 3686 inserit.
987 3635 1117 3687 Verbusi
1135 3653 1227 3688 verso·
1277 3640 1364 3690 verba
1398 3638 1484 3706 vulgo
1514 3638 1622 3689 minore
1656 3637 1837 3689 distinctione

667 3705 828 3758 turccelum
852 3701 993 3770 pertinent
1011 3703 1045 3755 ad
1068 3704 1226 3770 §Sseqqr
1278 3706 1441 3775 praeposite
1482 3705 1588 3758 arctius
1629 3704 1839 3773 coniunguntur

666 3775 752 3824 verba
770 3773 846 3824 stilti
862 3779 957 3839 septem
1035 3780 1173 3849 scopentur
1190 3773 1225 3824 ed
1277 3793 1339 3827 cum
1359 3774 1601 3837 antecedentibus,
1627 3780 1658 3826 ut
1674 3773 1837 3827 Macrobius

666 3858 725 3907 cap.
757 3845 812 3891 re:
848 3841 934 3891 verbe
961 3840 985 3891 si
1084 3840 1227 3891 Platonico
1278 3860 1389 3895 causum
1406 3845 1509 3895 addere
1525 3843 1669 3907 rideatur,
1688 3858 1739 3893 cur
1756 3858 1837 3893 muu-

665 3911 790 3960 consentit
807 3910 954 3960 cuctorr‘tas
968 3906 1003 3957 ud
1018 3922 1098 3972 capp.
1113 3911 1152 3958 19.
1166 3911 1224 3959 2οε
1276 3914 1364 3963 danne
1392 3913 1503 3962 animae
1532 3910 1685 3960 aeternitas
1706 3907 1736 3960 in
1758 3916 1836 3962 motu

664 3978 749 4028 verba
773 3994 823 4044 quo
845 3984 924 4042 pecto
951 3974 1072 4026 stelles.
1163 3944 1224 4026 did·
1275 3979 1326 4030 eit:
1344 3978 1623 4030 atsicminuslrenc
1641 3974 1836 4027 sehabetee-

664 4062 721 4095 cum
745 4046 859 4095 lustrare
883 4044 1007 4093 dicuntur
1027 4046 1079 4091 etc.
1161 4058 1225 4108 cap.
1276 4063 1363 4111 quens
1392 4047 1490 4113 igitur,
1526 4059 1610 4107 quum
1638 4057 1692 4091 non
1722 4042 1835 4105 lrabeat,

592 4172 593 4176 Ἰ
664 4116 721 4161 21.:
759 4114 844 4161 verba
872 4128 925 4177 qua
950 4108 1103 4159 rationein
1128 4116 1224 4160 terrum
1276 4129 1330 4177 quo
1365 4111 1509 4161 commode
1545 4110 1694 4157 referatur.
1738 4106 1834 4172 Neque

656 4183 784 4244 serentur
861 4177 950 4227 omniu
965 4183 1032 4227 netu
1045 4192 1092 4226 suo
1105 4177 1225 4242 pondera
1276 4180 1344 4230 lruic
1361 4194 1441 4227 meac
1463 4174 1566 4226 rationi
1587 4173 1614 4223 id
1633 4173 1734 4221 obesse
1752 4183 1834 4237 pute-

661 4248 694 4296 ud
716 4263 777 4310 cap.
796 4248 839 4294 22.
1270 4244 1378 4304 serim,
1405 4243 1478 4308 quod
1502 4241 1575 4290 inira
1596 4236 1736 4303 sequiture
1770 4240 1834 4305 quic

696 4307 1225 4374 secernaturloltenctccumparticule
1273 4329 1320 4363 uec
1347 4312 1406 4378 ipsc
1437 4314 1490 4359 etat
1516 4308 1622 4366 unimur
1655 4304 1727 4355 lraec
1757 4306 1832 4357 enirn

663 4380 687 4427 si
708 4377 766 4435 (ob)
791 4375 819 4425 in
844 4374 1066 4441 interrogatione
1083 4375 1224 4427 indirecta
1274 4379 1360 4429 verba
1379 4374 1489 4427 nonnisi
1511 4376 1545 4425 ad
1574 4371 1700 4440 proxime
1721 4380 1833 4425 eutece-

663 4444 777 4494 iunctue
809 4440 909 4491 nrodus
941 4442 1120 4494 indicativus.
1165 4443 1221 4494 Eu·
1273 4444 1378 4506 dentis,
1396 4452 1501 4496 etstare
1518 4444 1609 4507 nescit,
1624 4440 1756 4493 videntur·
1768 4459 1832 4494 esee

663 4513 725 4561 dom
746 4507 917 4558 constructio
937 4508 1043 4573 legitur
1065 4509 1092 4572 1,
1119 4513 1164 4571 lt),
1189 4514 1221 4570 ⁶3
1272 4513 1430 4565 referenda.

662 4580 685 4640 l,
702 4580 803 4641 16,13;
821 4576 843 4639 l,
863 4580 903 4638 19,
922 4578 970 4637 213
987 4574 1047 4625 Set.
1066 4575 1219 4639 vl1,s,15.
1306 4582 1357 4632 sili
1383 4577 1585 4631 inmortalitatis
1610 4577 1755 4645 particeps]
1784 4576 1829 4628 (ll.

662 4646 733 4712 (vid.
755 4650 811 4694 not.
830 4644 864 4694 nd
885 4643 912 4705 Ι,
936 4648 964 4705 7,
989 4642 1045 4707 4.)3
1082 4642 1131 4692 sed
1154 4659 1220 4694 con·
1271 4646 1348 4699 curt.
1366 4648 1448 4712 l'l,6‚
1460 4649 1503 4697 36.
1520 4644 1623 4697 sceleris
1696 4646 1831 4712 particeps

661 4713 803 4766 iunctivus
822 4711 949 4778 iungitur
967 4711 989 4772 Ι,
1007 4714 1032 4769 5,
1054 4713 1077 4775 1,
1096 4708 1142 4759 ubi
1163 4710 1218 4761 vid.
1271 4717 1388 4780 Besso,
1408 4721 1436 4765 et
1454 4711 1502 4776 Vl,
1518 4718 1550 4775 7,
1567 4715 1593 4763 e.
1611 4728 1638 4763 se
1655 4712 1711 4764 eius
1727 4714 1832 4765 consilii

660 4787 716 4833 not.
739 4782 823 4832 Gron·
851 4807 885 4817 -
916 4779 993 4830 lnirss
1020 4777 1047 4827 ln
1075 4778 1170 4829 Verblt
1197 4779 1221 4829 ’ἰ
1263 4785 1413 4850 sortibus
1433 4783 1519 4833 ciris
1536 4782 1772 4848 cesepartr'cs'pcm·

660 4866 720 4901 oerc
751 4850 883 4899 subiectae
913 4848 978 4908 sint,
1011 4845 1058 4896 ubi
1090 4845 1220 4910 iungitur
1302 4869 1336 4903 nc
1358 4867 1482 4919 umquem
1505 4849 1617 4900 vivendo
1638 4849 1753 4918 deficiat]
1789 4847 1830 4897 Nc

662 4916 871 4981 coniunctivae,
895 4910 919 4966 si
937 4913 1079 4982 particula
1098 4920 1142 4965 est
1158 4932 1221 4966 oon·
1273 4937 1399 4987 umquam
1420 4918 1534 4984 ponitur
1557 4933 1606 4983 pro
1628 4925 1827 4982 necunquam,

661 4983 817 5035 ditionolis.
1272 4994 1303 5038 ut
1321 5006 1344 5038 c.
1361 4992 1405 5051 20,
1424 4986 1437 5052 ξ
1457 4991 1482 5039 7.
1502 4986 1576 5037 cuirrs
1593 4986 1645 5035 isto
1662 4993 1761 5040 natura
1781 4988 1828 5042 est,

695 5057 720 5101 e.
756 5054 830 5102 cuiue
856 5050 1000 5102 aeternitas
1023 5048 1051 5098 in
1073 5056 1145 5100 motu
1171 5050 1219 5117 est]
1270 5072 1477 5123 nccmquam
1496 5059 1714 5112 cessetomotu,·
1745 5054 1774 5100 et
1790 5048 1826 5112 ll,
1872 5066 1875 5073 ¹
1964 5072 1967 5075 ⁴

660 5117 703 5168 Gl.
722 5136 745 5169 c.
760 5122 800 5180 14,
818 5119 831 5184 ξ
847 5121 886 5169 19.
907 5119 1001 5169 Platon
1018 5116 1081 5167 dicit
1100 5118 1218 5169 animam
1271 5127 1319 5186 16,
1333 5128 1378 5178 13.
1398 5124 1521 5190 quoniam
1540 5128 1686 5188 spontanea
1704 5117 1827 5168 coniven-

661 5188 800 5237 ⁰⁸³⁶t¹lfssm
816 5202 843 5237 ⁸0
859 5193 1017 5245 mvvmlemt
1035 5189 1064 5233 θῖ
1081 5185 1108 5234 h·
1126 5202 1150 5235 c·
1168 5187 1216 5253 §9·
1267 5192 1308 5243 tie
1330 5192 1514 5251 concessimus,
1548 5206 1586 5240 ne
1608 5187 1688 5254 quid
1711 5183 1826 5234 eiusdem

660 5269 717 5303 cum
734 5254 840 5305 animae
856 5254 969 5305 essentia
985 5253 1020 5305 eit
1037 5252 1065 5302 ic
1082 5263 1162 5308 motu.
1266 5259 1306 5311 rei
1322 5267 1347 5314 et
1363 5260 1415 5312 sili
1431 5266 1456 5311 et
1474 5258 1537 5310 aliie
1554 5271 1636 5308 cauea
1654 5252 1698 5315 sit,
1716 5251 1826 5302 libentes
