5092 6425
699 883 776 977 ,m
826 905 832 931 ι
1214 881 1424 962 usonorm

733 1052 846 1140 quibus
866 1056 897 1116 et
918 1051 984 1136 ipse
1005 1051 1072 1116 sine
1092 1049 1186 1117 dubio
1209 1051 1387 1135 insignitur,
1409 1050 1551 1116 ostendit.
1594 1051 1636 1115 Et
1661 1049 1719 1116 hoo
1746 1061 1793 1118 est
1819 1056 1902 1140 quod

733 1145 824 1225 poeta
846 1144 974 1201 naturae
1000 1137 1096 1222 ipsius
1118 1137 1258 1202 conscius
1280 1136 1372 1201 dixit:

817 1223 879 1286 Hic
899 1234 1001 1286 certem
1020 1224 1105 1286 nobis
1126 1244 1239 1308 semper
1259 1222 1409 1286 sublimis:
1436 1232 1468 1285 at
1488 1221 1572 1285 ibam

818 1307 881 1374 Sub
897 1307 1026 1392 pedibas
1046 1308 1124 1394 Styx
1149 1319 1217 1371 atra
1236 1308 1318 1372 oidet
1340 1307 1502 1393 Manesque
1519 1305 1680 1391 profundi.

701 1390 794 1458 used
821 1413 892 1456 oum
917 1391 996 1455 hane
1023 1391 1229 1457 diversitatem
1258 1392 1439 1456 caelestibus
1483 1391 1600 1455 artibus
1628 1389 1676 1456 vel
1702 1410 1825 1478 semper
1852 1395 1899 1458 vel

681 1490 903 1563 [ennumquam
924 1476 1090 1561 apparendi
1111 1485 1211 1542 terrae
1231 1476 1397 1560 globositas
1422 1413 1632 1540 habitantibus
1655 1474 1760 1553 faciat,
1800 1478 1839 1541 ab
1863 1500 1900 1543 eo

732 1563 785 1649 qui
808 1563 839 1626 in
863 1561 947 1626 eaelo
967 1569 1015 1626 est
1035 1583 1127 1627 omne
1149 1562 1214 1626 sine
1235 1562 1330 1626 dubio
1347 1561 1465 1626 caelum
1485 1561 1606 1627 videtur
1624 1581 1687 1624 non
1703 1560 1900 1646 impediente

732 1649 835 1734 aliqua
855 1654 942 1733 parte
959 1654 1067 1724 terrae,
1088 1667 1167 1732 quae
1184 1654 1249 1711 tota
1271 1647 1376 1732 puncti
1399 1646 1500 1710 looum
1518 1667 1573 1731 pro
1592 1645 1667 1709 caeli
1686 1647 1899 1730 magnitudine

701 1734 781 1802 lvii
805 1733 932 1818 optinet
975 1731 1033 1797 Cui
1054 1754 1127 1816 ergo
1150 1732 1291 1796 australis
1313 1731 1435 1796 verticis
1458 1732 1560 1796 stellas
1583 1751 1751 1816 numquam
1776 1732 1814 1796 de
1835 1742 1899 1797 ter-

730 1818 774 1882 ris
797 1817 900 1883 videre
923 1818 1101 1902 contigerat,
1121 1817 1175 1882 ubi
1196 1817 1421 1901 circumspectu
1442 1816 1539 1881 libero
1558 1816 1624 1880 sine
1644 1817 1759 1880 offensa
1781 1819 1898 1882 terreni

731 1902 830 1976 obicis,
850 1901 931 1966 visae
954 1910 1039 1978 sunt,
1071 1902 1137 1966 iure
1164 1902 1250 1987 quasi
1277 1922 1374 1967 novae
1394 1902 1640 1966 ammirationem
1664 1901 1828 1966 dederunt:
1867 1911 1899 1967 et

731 1987 804 2072 quia
826 1985 978 2050 intellexit
999 2007 1121 2051 eausam
1145 1995 1382 2072 propterquam
1406 2007 1457 2051 eas
1478 2007 1648 2071 numquam
1672 1993 1743 2050 ante
1762 1987 1897 2065 vidisset,

730 2072 788 2136 ait:
830 2081 914 2136 erant
935 2083 1033 2136 antan
1052 2073 1108 2135 bac
1128 2072 1225 2136 stellae
1248 2095 1323 2158 quas
1344 2093 1506 2157 numquam
1531 2095 1569 2136 erc
1589 2072 1644 2135 boc
1668 2071 1730 2135 laco
1757 2073 1896 2150 vidimus,

624 2180 627 2186 ·
730 2156 813 2221 huno
837 2156 938 2221 locum
961 2156 1200 2221 demonstrative
1226 2163 1340 2221 terram
1367 2155 1471 2221 dicens
1496 2156 1527 2220 in
1558 2176 1619 2241 qua
1647 2163 1713 2218 erat
1741 2155 1813 2220 dum
1837 2156 1896 2221 ista

698 2242 876 2311 8narraret.
931 2240 1078 2327 Sequitur
1099 2241 1150 2306 illa
1171 2241 1334 2317 discussio,
1367 2240 1440 2326 quid
1461 2241 1501 2306 sit
1529 2240 1612 2326 quod
1632 2239 1756 2304 adiecit:
1796 2253 1823 2305 et
1840 2243 1896 2306 bae

727 2329 948 2413 magnitudines
975 2328 1108 2391 omnium
1135 2349 1209 2414 qnos
1235 2350 1295 2391 csse
1322 2348 1366 2390 nn
1414 2349 1485 2390 nam
1508 2327 1654 2412 suspicati
1676 2348 1786 2389 snmus.
1830 2326 1894 2391 Cur

727 2424 830 2477 autem
855 2412 1081 2497 magnitudines
1102 2433 1179 2496 quas
1198 2410 1276 2477 vidit
1302 2411 1335 2474 in
1357 2420 1403 2475 ste
1416 2411 1453 2474 lis
1474 2431 1642 2496 numquam
1664 2410 1805 2475 homines
1827 2433 1893 2476 sus-

726 2497 819 2580 picati
845 2498 922 2573 sint,
958 2498 1023 2582 ipse
1068 2496 1189 2561 ateleoit
1214 2495 1370 2560 addendo:
1410 2497 1560 2563 stellarum
1582 2507 1679 2560 antem
1696 2497 1778 2580 qbobi
1796 2507 1894 2561 terrae

696 2582 960 2665 llnmqnitndinem
981 2518 1070 2665 facibi
1095 2582 1258 2646 vincebant.
1309 2581 1387 2646 Nam
1418 2581 1541 2679 quando
1569 2580 1677 2657 homo,
1712 2580 1771 2643 nisi
1799 2602 1892 2665 quem

726 2664 864 2730 doctrina
883 2665 1095 2750 philosophiae
1117 2686 1210 2751 supra
1234 2664 1401 2740 hominem,
1423 2687 1517 2731 immo
1540 2687 1611 2731 vere
1633 2665 1790 2729 hominem
1812 2666 1892 2743 lecit,

726 2751 873 2834 suspicari
902 2757 1003 2834 potest
1030 2749 1149 2814 stellam
1176 2771 1269 2815 unam
1302 2750 1386 2814 omni
1414 2758 1495 2815 terra
1524 2772 1591 2816 esse
1620 2750 1782 2826 maiorem,
1821 2772 1892 2815 oum

637 2886 646 2900 a
727 2833 817 2920 vulgo
836 2833 973 2918 singulae
995 2834 1046 2898 vix
1066 2833 1139 2898 lacis
1159 2835 1251 2898 unius
1272 2834 1425 2898 llammam
1446 2855 1578 2919 aequare
1601 2856 1689 2919 posse
1709 2835 1892 2900 videantur?

725 2919 809 3004 Ergo
830 2928 904 2984 tuno
926 2938 1031 2983 earum
1059 2939 1130 2998 vere
1153 2918 1332 3004 magnitudo
1349 2918 1480 2984 adserta
1508 2919 1664 2996 credetur,
1705 2920 1731 2982 si
1759 2920 1890 2984 maiores

725 3003 860 3089 singulas
887 3025 978 3090 quam
1004 3011 1051 3069 est
1076 3004 1176 3069 omnis
1194 3012 1277 3068 terra
1298 3025 1364 3069 esse
1384 3005 1565 3069 constiterit.
1609 3003 1701 3081 Quod
1722 3002 1781 3068 hoe
1797 3005 1889 3069 modo

676 3087 796 3156 ldlioet
820 3110 1029 3176 recognoscas.
1088 3089 1243 3156 Punctum
1272 3088 1419 3155 dixerunt
1439 3111 1506 3155 esse
1534 3097 1710 3175 geometrae
1737 3090 1820 3176 quod
1848 3090 1888 3155 ob

789 3246 859 3299 Iliss-
882 3241 1146 3306 despumatum]

720 3329 777 3447 {ppo
797 3332 866 3399 (om.
883 3329 1013 3448 006382·
1032 3329 1169 3449 l-tipsius
1180 3327 1368 3446 qmffim’
1384 3357 1413 3410 ‘.
1440 3327 1538 3449 chql
1557 3330 1670 3447 &iiim
1689 3336 1797 3446 -d-'am
1812 3329 1888 3446 illlum

720 3439 774 3518 Hb..
894 3460 910 3475 ⁸
927 3432 952 3516 i:
985 3411 1224 3532 qqe'ptqsuqqnpqquq:
1245 3431 1321 3529 antei
1338 3412 1445 3516 {Bibe
1467 3414 1583 3515 -uubavel
1603 3395 1696 3515 biblici
1714 3413 1752 3514 b}
1771 3397 1888 3515 ebbebbbb

721 3534 790 3599 (om.
805 3533 873 3599 bue)
895 3533 947 3583 Ru.
988 3532 1049 3582 Vid.
1069 3532 1081 3597 5
1103 3535 1127 3583 1.
1143 3557 1178 3567 -
1200 3547 1231 3581 cr
1246 3532 1301 3582 ioco
1318 3532 1365 3582 boc
1381 3548 1524 3599 numquam
1542 3530 1572 3580 0.
1591 3533 1668 3582 -in
1686 3548 1739 3597 qua
1755 3531 1817 3581 dum
1835 3532 1887 3582 ista

719 3609 843 3652 narraret
866 3607 923 3651 erat
943 3598 995 3647 Rt.
1147 3601 1172 3647 8.
1207 3605 1236 3649 et
1253 3599 1303 3649 illa
1325 3598 1397 3649 usn.
1418 3628 1452 3636 -
1474 3599 1544 3665 qnod
1567 3600 1664 3650 adiecit
1681 3600 1746 3664 quid
1772 3599 1806 3649 sit
1830 3599 1885 3649 via.

721 3667 785 3734 quid
802 3668 836 3717 sit
854 3666 950 3716 adiecit
969 3671 1036 3724 [om.
1055 3663 1137 3729 quod)
1157 3662 1189 3714 G.
1205 3693 1239 3702 —
1256 3682 1312 3716 eae
1328 3666 1527 3734 magnitudines
1546 3666 1571 3717 G
1589 3667 1647 3731 (Rs
1659 3683 1720 3732 sup.
1731 3665 1773 3729 b).
1808 3667 1886 3716 bene

719 3750 812 3801 magn.
823 3733 872 3783 Rl.
902 3731 962 3781 Vid.
978 3732 990 3796 5
1004 3735 1070 3781 1.-
1086 3731 1188 3781 videat
1204 3732 1273 3794 (del.
1286 3733 1318 3797 a)
1335 3731 1364 3783 C.
1383 3762 1417 3770 —
1431 3733 1548 3785 bomiues
1563 3751 1706 3799 numquam
1723 3733 1774 3782 Rl.
1789 3762 1823 3769 —
1838 3750 1885 3783 su-

718 3801 815 3868 spicati
831 3806 900 3850 sunt
916 3797 987 3860 Cdn3
1006 3799 1079 3862 „sint
1092 3796 1171 3863 leges
1189 3798 1304 3863 linguae
1322 3801 1493 3866 postulant.“
1509 3801 1594 3852 Zeun.
1611 3831 1645 3838 —
1662 3801 1799 3851 stellarum
1816 3800 1885 3863 (om.

719 3866 821 3930 autem)
845 3866 897 3917 Rl.
1048 3869 1072 3914 9.
1105 3865 1289 3932 philosophiae
1310 3868 1428 3917 doctrina
1455 3868 1506 3916 Ra.
1527 3897 1562 3905 —-
1583 3869 1661 3919 immo
1679 3885 1738 3919 oerc
1757 3868 1885 3918 bominem

719 3952 774 3986 om.
793 3934 827 3985 G.
844 3961 879 3971 -
898 3937 984 3999 potest
1002 3931 1130 3997 suspicari
1149 3931 1198 3980 Ru.
1213 3961 1248 3969 -
1269 3934 1341 3983 omni
1357 3942 1429 3985 terra
1445 3936 1548 3986 stellam
1565 3952 1645 3986 unam
1664 3935 1715 3984 Ru.
1752 3934 1820 3985 stell.
1839 3953 1883 3985 un.

719 4002 789 4054 amni
802 4009 896 4053 terrae
913 4001 964 4049 Rt.
981 4027 1010 4036 -
1026 3999 1227 4063 flammaesst.
1246 4029 1281 4037 —-
1299 4002 1437 4055 uidentur
1453 4001 1481 4052 Ο,
1496 4032 1532 4039 -
1548 4020 1638 4053 aarum
1655 4018 1709 4052 om.
1727 4000 1757 4051 0.
1775 4030 1810 4038 -
1827 4019 1883 4052 cre-

657 4120 658 4123 ,
719 4071 801 4122 ditur
823 4068 853 4119 F.
880 4096 914 4107 -
938 4074 1051 4135 quaest
1072 4067 1106 4116 G.
1142 4067 1269 4131 quiaeet
1291 4067 1319 4118 S·
1340 4097 1376 4106 —
1398 4070 1541 4121 eonstiterit
1565 4075 1633 4129 (om.
1653 4068 1883 4128 esselPR12.-

718 4140 779 4189 licet
796 4137 817 4188 C
834 4135 871 4198 (F
890 4152 907 4187 a
925 4152 981 4187 see.
1000 4139 1051 4194 m.)
1070 4133 1445 4202 saluum-ngurarum.
1464 4137 1572 4199 „Mss.“
1591 4137 1677 4188 Gran.
1715 4138 1774 4188 ticet
1791 4137 1883 4186 omli

718 4205 756 4268 (F
775 4222 791 4257 a
810 4224 835 4270 p.
855 4210 914 4265 m.).
950 4202 1023 4263 „Ed
1043 4206 1097 4252 vet.
1115 4201 1221 4253 omittit
1239 4202 1310 4253 illud
1329 4205 1428 4266 licebit,
1458 4205 1529 4270 quod
1552 4221 1606 4255 non
1626 4221 1696 4271 opus
1720 4221 1782 4254 esse
1805 4203 1882 4254 vide-

717 4277 792 4325 tnr.“
814 4274 900 4324 Zeun.
953 4270 1054 4322 licebit
1070 4269 1155 4332 s-liP3
1188 4273 1239 4335 „ut
1255 4270 1314 4322 Sat.
1332 4272 1360 4336 1,
1377 4277 1406 4333 i,
1423 4276 1463 4322 15.
1483 4272 1568 4322 licebit
1588 4289 1686 4323 mecum
1703 4279 1882 4338 recognoscat.

717 4342 812 4405 Quare
829 4356 880 4391 nec
898 4336 1031 4389 audiendi
1049 4337 1126 4401 Mes,
1142 4337 1170 4388 in
1186 4338 1288 4405 quilius
1304 4340 1373 4403 ticet,
1392 4344 1423 4391 ut
1439 4344 1502 4391 ante
1514 4338 1689 4406 Steplmnum
1705 4340 1884 4405 legebatur.“

717 4409 802 4459 Gran.
820 4435 852 4445 -
869 4411 1052 4472 recognoscat
1072 4405 1123 4455 Rl.

717 4547 745 4592 et
763 4540 878 4591 verbum
894 4537 960 4589 scire
982 4536 1069 4588 simili
1094 4538 1175 4590 modo
1193 4555 1275 4590 usar·
1323 4539 1400 4607 poris
1415 4539 1568 4607 scriptores
1581 4540 1695 4606 saepius
1711 4538 1750 4591 ita
1767 4540 1882 4591 conian-

716 4614 800 4674 patur
817 4606 845 4669 l,
862 4610 890 4667 2,
909 4610 953 4657 20.
976 4606 1049 4657 Adeo
1067 4622 1166 4673 semper
1185 4607 1224 4658 ita
1241 4624 1274 4660 se
1323 4609 1427 4660 otivnm
1447 4626 1508 4659 eum
1529 4608 1668 4673 particula
1686 4610 1748 4660 dum
1767 4610 1882 4659 coniun-

717 4684 742 4727 et
760 4675 844 4725 sciri
862 4682 886 4725 et
904 4675 954 4725 coli
971 4675 1081 4724 numina
1096 4674 1255 4725 maluerunt.
1323 4677 1399 4727 sisso
1417 4676 1512 4729 docuit
1524 4677 1615 4729 Hand.
1631 4676 1756 4727 Tursell.
1774 4677 1830 4728 vol.
1842 4676 1881 4739 11,

750 4747 774 4793 6.
829 4758 878 4791 uae
894 4749 949 4792 tota
962 4742 1052 4807 puncti
1069 4741 1153 4792 locum
1227 4742 1272 4793 oin
1324 4762 1349 4810 p.
1368 4748 1418 4794 311
1438 4761 1497 4810 sqq.

716 4759 827 4877 optinetb
845 4807 887 4859 Cf.
906 4809 918 4872 q
940 4811 980 4858 10.
999 4812 1027 4858 et
1047 4808 1084 4870 ll,
1101 4812 1126 4868 9,
1145 4812 1169 4858 9.
1356 4815 1382 4861 9.
1419 4828 1501 4879 supra
1534 4811 1677 4875 bominem,
1712 4811 1791 4861 immo
1820 4827 1881 4861 vere

750 4882 776 4927 7.
811 4877 867 4927 sine
884 4876 984 4941 offensa
998 4876 1095 4926 terreni
1109 4876 1197 4942 obicis]
1216 4874 1235 4925 i.
1246 4892 1270 4926 e.
1321 4878 1450 4929 bominem
1479 4878 1557 4944 secia]
1593 4879 1720 4931 Observa
1751 4894 1879 4944 zeugma.

718 4951 748 4995 ut
766 4960 828 4995 eum
848 4960 900 4993 non
919 4941 1075 4993 offenderet
1093 4949 1168 4993 terra
1186 4944 1273 4993 inter·
1322 4946 1477 5010 Exspeotes
1502 4964 1584 5014 supra
1601 4947 1730 4998 bominem
1749 4946 1881 5008 extulit,

717 5013 790 5065 iectu
818 5010 897 5076 qnasi
925 5011 995 5061 obex
1021 5008 1065 5058 rel
1095 5024 1186 5074 agger
1211 5010 1273 5076 qui·
1323 5013 1368 5062 vel
1387 5014 1467 5065 talem
1480 5015 1563 5078 serit,
1589 5023 1619 5065 nt
1636 5016 1692 5065 eius
1711 5014 1816 5063 animus
1833 5031 1880 5063 sn-

717 5083 795 5140 dam,
832 5094 913 5143 quum
935 5077 992 5128 vim
1010 5076 1095 5125 habet
1117 5078 1179 5126 oben
1199 5078 1271 5143 apud
1322 5096 1373 5146 pra
1398 5079 1526 5130 bominem
1544 5083 1682 5147 pretendas
1705 5080 1752 5141 sit,
1788 5086 1819 5131 ut
1840 5081 1881 5131 uit

716 5146 877 5216 Virgilium,
896 5146 1000 5207 Georg.
1012 5143 1049 5204 ll,
1066 5145 1133 5206 4803
1149 5143 1194 5204 lV,
1207 5147 1272 5207 4223
1323 5146 1382 5197 (lic.
1401 5148 1435 5197 do
1453 5154 1509 5197 nat.
1527 5148 1602 5200 deor.
1621 5149 1661 5211 11,
1682 5152 1727 5209 13,
1743 5151 1786 5198 34.
1810 5150 1880 5199 ratio

715 5218 783 5269 ben.
800 5214 834 5276 11,
846 5218 905 5265 317.
941 5212 1071 5262 Ceterum
1089 5210 1123 5261 cl.
1145 5214 1184 5272 15,
1202 5213 1215 5277 ᾗ
1233 5216 1271 5263 19.
1324 5222 1410 5280 recta,
1426 5230 1494 5281 quae
1511 5232 1593 5284 supra
1610 5217 1740 5269 bominem
1754 5217 1879 5283 putanda

751 5286 812 5339 dum
831 5283 883 5337 ista
900 5279 1035 5347 narraret]
1061 5277 1184 5333 Serioris
1203 5285 1271 5333 tem·
1325 5287 1373 5334 cst.
