5092 6425
759 896 821 963 tro
1244 890 1452 959 MAOEOBII

757 1072 941 1152 occupatur,
967 1069 1004 1127 ut
1026 1060 1147 1125 nulium
1170 1058 1211 1125 sit
1229 1066 1293 1124 tam
1315 1060 1422 1124 inmite
1442 1067 1506 1124 tam
1526 1080 1671 1145 asperum
1696 1067 1820 1146 pectus,
1848 1065 1933 1148 quod

729 1154 821 1220 8non
850 1151 1146 1216 oblectamentorum
1172 1145 1282 1209 tatium
1309 1152 1453 1210 teneatur
1473 1146 1595 1210 affectu.
1642 1147 1724 1211 Hinc
1749 1148 1879 1213 aestimo
1901 1159 1934 1215 et

759 1236 879 1324 Orphei
907 1235 954 1300 vei
981 1231 1167 1317 Amphionis
1193 1230 1344 1308 fabulam,
1378 1251 1511 1316 quorum
1535 1232 1614 1296 atter
1640 1232 1786 1298 animatia
1813 1236 1934 1300 ratione

759 1322 894 1390 carentia
916 1320 993 1385 alter
1015 1339 1088 1383 saxa
1108 1336 1233 1402 quoque
1253 1315 1377 1380 trahere
1399 1317 1540 1382 cantibus
1559 1317 1747 1395 terebantur,
1764 1321 1933 1406 sumpsisse

759 1407 961 1496 principium,
999 1403 1071 1489 quia
1092 1403 1183 1488 primi
1210 1401 1290 1483 iorte
1312 1410 1424 1485 gentes
1448 1402 1494 1467 vet
1517 1402 1585 1467 sine
1606 1405 1735 1469 rationis
1755 1406 1842 1471 cultu
1864 1406 1932 1471 bar·

709 1494 872 1579 [rambaras
892 1491 940 1557 rel
961 1489 1027 1555 saxi
1049 1489 1145 1552 instar
1170 1487 1257 1552 nulio
1282 1488 1395 1552 affeetu
1420 1487 1528 1552 modes
1556 1488 1594 1552 ad
1617 1511 1741 1555 sensum
1764 1492 1932 1575 voluptatis

730 1577 898 1644 deenendo
923 1581 1094 1641 traxerunt.
1137 1575 1183 1637 lta
1209 1573 1343 1658 deniquo
1373 1573 1474 1636 omnis
1496 1572 1620 1638 habitus
1646 1576 1766 1640 animae
1788 1577 1932 1641 cantibus

758 1665 965 1750 gubernatur,
993 1668 1030 1725 ut
1051 1658 1142 1724 etad
1163 1658 1279 1723 betium
1301 1660 1476 1743 progressui
1499 1666 1531 1722 et
1551 1659 1625 1724 item
1644 1662 1779 1747 receptui
1801 1671 1932 1728 canatur

760 1758 853 1815 cantu
872 1754 904 1812 et
924 1746 1076 1811 excitante
1097 1752 1130 1808 et
1150 1765 1258 1810 rursus
1280 1743 1406 1809 sedante
1424 1744 1585 1809 virtutem:
1608 1747 1661 1810 dat
1674 1769 1792 1812 samace
1809 1749 1930 1812 adimit-

756 1856 823 1923 que,
844 1853 900 1898 nec
925 1852 988 1896 non
1009 1850 1099 1896 curas
1118 1837 1150 1894 et
1172 1829 1300 1895 inmittit
1321 1838 1353 1894 at
1370 1829 1508 1906 retrahit,
1531 1830 1608 1894 iram
1630 1833 1777 1917 suggerit,
1796 1833 1930 1897 clemen·

758 1920 833 1985 tiam
856 1917 979 1994 suadet,
1012 1935 1177 2001 corporum
1199 1935 1324 2001 quoque
1350 1914 1467 1979 morbis
1490 1915 1645 1981 medetur:
1686 1939 1757 1983 nam
1784 1918 1857 1983 hinc
1884 1926 1931 1983 cst

710 2007 750 2072 10
760 2005 843 2092 quod
869 2002 969 2088 aegris
992 2000 1128 2067 remedia
1158 2007 1349 2087 praestantes
1377 2000 1553 2087 praecinere
1583 2002 1737 2069 dicuntur.
1785 2005 1827 2070 Et
1855 2003 1929 2090 quid

825 2191 896 2242 Mes.
913 2188 1140 2250 nossentne]

756 2295 810 2328 noa
826 2275 890 2328 edd.
907 2273 937 2326 in
953 2290 1012 2342 urg.
1027 2288 1046 2325 s
1065 2288 1122 2324 see.
1140 2288 1177 2323 m.
1192 2269 1222 2322 0.
1245 2299 1278 2310 —·
1302 2277 1446 2338 occupatur
1463 2275 1539 2337 (sup.
1556 2273 1599 2325 oet
1617 2275 1757 2342 occupati)
1774 2272 1802 2324 in
1820 2288 1878 2341 mg.
1897 2271 1928 2325 0.

758 2350 941 2412 occuparetur
959 2356 984 2396 v.
1007 2369 1042 2380 -
1062 2343 1097 2394 sit
1115 2341 1214 2393 immite
1229 2345 1308 2405 (sup.
1325 2339 1389 2391 edd.
1404 2344 1473 2398 tam)
1493 2341 1544 2390 tta.
1697 2346 1724 2392 8.
1759 2343 1866 2394 estimo
1885 2346 1927 2392 sl.

757 2414 891 2466 existimo
906 2414 986 2479 stt-g.
1004 2437 1038 2447 -
1059 2416 1088 2461 et
1105 2409 1254 2477 ampitioas's
1272 2407 1484 2459 lBss.Bss.Hl.
1505 2435 1537 2448 -
1549 2408 1654 2474 sabula
1673 2408 1706 2460 B.
1724 2436 1756 2449 -
1778 2411 1848 2462 atter
1864 2427 1929 2476 auo-

758 2497 808 2547 que
823 2497 890 2530 suaa
907 2477 939 2528 B.
988 2478 1056 2528 atter
1073 2493 1141 2527 sara
1158 2492 1260 2542 quoque
1275 2492 1342 2526 sasa
1359 2480 1441 2534 (sara
1457 2472 1551 2541 priore
1568 2476 1638 2535 dci.)
1656 2476 1687 2528 C.
1715 2505 1747 2515 -
1773 2478 1930 2542 ferebantur

757 2543 1029 2598 BFSPttruunuto
1048 2546 1084 2608 „³
1101 2543 1215 2608 Angli.“
1244 2544 1392 2606 serebatur
1408 2541 1578 2609 cringuTn.
1596 2544 1644 2607 „in
1663 2545 1792 2596 omnibus
1807 2544 1930 2610 antiquis

757 2615 908 2665 habetur.“
932 2612 1019 2663 Groo.
1069 2611 1260 2674 reserebantur
1278 2627 1332 2661 s-z.
1360 2638 1394 2648 -
1420 2613 1562 2678 sumpsisse
1579 2614 1744 2665 exordium
1761 2620 1835 2677 (sup.
1851 2615 1929 2680 pria-

757 2683 870 2749 aipium)
888 2678 917 2730 C.
935 2708 968 2716 —
982 2677 1063 2746 primi
1080 2680 1219 2729 omnium
1230 2680 1306 2743 sorte
1323 2676 1561 2775 FB⁵¹'¹¹X¹¹.',',‘
1587 2681 1707 2732 motitee
1726 2681 1827 2732 atr-ur.
1861 2682 1929 2732 mot·

757 2748 939 2882 gsefflsudilt.
953 2745 1189 2876 Ε«5131.Ιὶῑ101ι1).ιιιι.,189.
1211 2752 1507 2879 οιιῖῗιιῖιιιιῖίῖῗιὲπιί
1523 2746 1660 2874 “gispp-
1674 2750 1929 2884 progreeXiougiiid.

755 2882 951 2953 progressioni
967 2880 1062 2932 suen.
1078 2909 1113 2918 -
1130 2888 1155 2933 et
1173 2881 1278 2933 iterum
1300 2881 1352 2931 Rl.
1368 2908 1402 2918 -
1418 2889 1542 2933 cantatur
1561 2881 1614 2934 Cu
1632 2899 1657 2947 p.
1673 2884 1796 2964 ΜΨ.
1833 2893 1928 2936 cuate-

756 2948 1070 3072 er..⁰:·c..¹¹:.·.=.t
1087 2976 1119 3070 r.
1139 2948 1928 3086 stre,⁰.·..·.·rr.“ccr.¹5m

756 3186 820 3242 Vid.
840 3184 914 3240 Pras.
940 3185 1046 3238 Ptoou.
1072 3189 1141 3238 sset.
1165 3188 1198 3237 18
1219 3186 1316 3253 seqq.“
1366 3185 1442 3238 tiem
1464 3184 1560 3238 intima
1582 3185 1707 3239 mentium
1728 3187 1857 3255 liquescat
1883 3189 1928 3253 as-

757 3257 845 3310 Zsus.
864 3284 897 3293 -
917 3253 961 3307 Gi.
979 3254 1123 3307 censorin.
1142 3255 1176 3306 de
1195 3255 1241 3305 die
1259 3261 1315 3305 nat.
1365 3254 1455 3317 tectio.

757 3344 781 3378 e.
805 3327 846 3385 la,
864 3324 877 3389 5
895 3327 922 3375 ³.
941 3323 1082 3375 Hominum
1099 3338 1202 3391 quoque
1218 3330 1317 3374 mentes
1400 3324 1426 3371 9.
1460 3320 1508 3370 dat
1523 3336 1626 3371 somnos
1643 3322 1799 3390 adimitque]
1817 3320 1928 3387 „Imeus

757 3402 782 3447 et
809 3395 899 3460 ipsae,
933 3392 1054 3457 quamuis
1083 3391 1201 3458 Epicuro
1229 3391 1316 3443 reela·
1366 3386 1481 3440 Aeueid.
1503 3387 1554 3450 tt,
1580 3390 1655 3452 244„
1687 3391 1736 3440 sed
1755 3390 1814 3441 atio
1832 3407 1927 3441 sensu.

756 3469 860 3524 manto,
896 3460 1005 3511 diuinae
1026 3475 1102 3511 suum
1121 3467 1247 3510 asturam
1289 3474 1317 3509 er
1366 3455 1437 3508 Nasu
1470 3455 1543 3520 apud
1576 3455 1727 3523 Virgilium
1760 3458 1867 3510 dieitur
1897 3457 1926 3509 irs

754 3536 849 3582 coatus
885 3534 1042 3597 agnoscunt.
1094 3526 1226 3580 Martias.
1265 3475 1316 3589 XX,
1367 3522 1524 3587 Mercurio,
1552 3523 1600 3589 qui
1628 3524 1737 3577 animas
1766 3525 1795 3578 in
1823 3526 1926 3578 Oreum

756 3600 807 3647 921
826 3610 903 3659 seqq.
1367 3590 1481 3643 deducit
1498 3597 1526 3642 et
1548 3591 1657 3643 iudeis
1679 3593 1766 3646 vitam
1787 3593 1927 3646 reducit.“

755 3659 1317 3792 buppurpuacrpmmptsgroghaptpepofflpesp,
1366 3658 1495 3777 znsizibis
1510 3726 1638 3792 medetur]
1667 3726 1709 3779 Gi.
1728 3728 1859 3780 Martiam.
1875 3727 1925 3792 1¹,

756 3798 813 3861 §4-
836 3811 968 3861 quoram
990 3793 1079 3845 alter
1099 3795 1207 3846 relictus
1229 3795 1317 3845 alter
1365 3793 1379 3857 d
1404 3797 1464 3845 926.
1499 3794 1745 3848 Perturbatioeidus
1777 3799 1925 3848 autmarus

754 3863 894 3915 lacessitus
915 3861 1077 3912 ssessionem
1101 3861 1154 3911 etet
1181 3863 1217 3912 ad
1239 3879 1315 3913 oseu-
1364 3862 1586 3929 corporeisque
1619 3865 1739 3916 mordis
1770 3864 1926 3917 medicabile

753 3931 875 3999 pandam
902 3929 995 3980 Asines
1017 3927 1135 3982 mutem
1161 3945 1217 3981 esse
1241 3929 1315 3981 erbi—
1363 3930 1480 3981 eredriss
1509 3947 1614 3981 carmes
1641 3932 1760 3996 insonui,
1797 3939 1826 3983 et
1852 3947 1925 3997 quae

758 3998 912 4053 trastur·“
1365 4004 1529 4063 sequuntur,
1545 3996 1689 4051 censorin.
1708 4004 1749 4063 12,
1767 4000 1780 4065 5
1795 4003 1830 4065 4,
1849 3999 1924 4051 Gerr.

789 4073 884 4137 gustes
907 4102 932 4117 ..
954 4060 1093 4130 tardares]
1121 4061 1165 4114 Gi.
1193 4062 1316 4116 baseos.
1365 4063 1567 4130 N.s.1v,1s.
1680 4112 1683 4116 .

754 4135 893 4204 Aglaoph.
914 4132 942 4194 1,
971 4149 998 4197 p.
1018 4133 1093 4184 W:
1128 4130 1208 4195 „Nan
1227 4132 1316 4196 feras,
1398 4134 1468 4199 quod
1495 4134 1586 4201 aegris
1611 4135 1729 4186 remedia
1755 4140 1923 4201 praestantes

754 4214 787 4256 ut
809 4204 896 4270 rotgo
915 4199 1034 4263 dicitur,
1057 4198 1107 4251 scd
1125 4198 1254 4252 homines
1271 4200 1315 4251 ie·
1362 4202 1514 4266 praecinere
1532 4201 1666 4267 dieantur]
1694 4201 1854 4254 Gronovius
1872 4218 1923 4253 uos

753 4289 801 4323 ros
828 4278 856 4323 et
880 4268 1029 4321 silvestres
1054 4267 1089 4318 nd
1116 4268 1315 4321 mansuetioris
1362 4268 1426 4318 dele
1448 4274 1478 4321 st
1506 4268 1541 4320 ud
1571 4269 1660 4336 patris
1687 4269 1923 4321 Observationum

753 4338 830 4390 sitne
847 4337 953 4388 outtssn
977 4335 1013 4385 ab
1033 4334 1147 4400 Orpheo
1172 4337 1313 4388 traductos
1362 4284 1473 4400 tersit,
1502 4352 1563 4402 cap.
1583 4341 1618 4400 1.,
1655 4337 1703 4388 nbi
1727 4337 1801 4389 inter
1818 4337 1875 4389 aliu
1893 4354 1923 4404 p.

752 4422 816 4457 esse
834 4401 982 4455 Rhetoriei
1001 4400 1230 4467 interpretentur,
1249 4404 1313 4470 Dio,
1363 4406 1421 4454 161.
1442 4405 1576 4471 leguntur
1594 4406 1677 4458 issaar
1709 4399 1848 4473 „Tourodoi
1864 4405 1922 4471 ipsi

752 4471 909 4534 Maximus,
945 4468 1126 4535 Heraclides,
1157 4472 1313 4537 Quintilis·
1362 4475 1438 4523 tactu
1455 4474 1640 4523 utebantur..
1658 4471 1696 4524 Hi
1716 4472 1825 4526 Latinis
1841 4490 1923 4540 prse-

751 4556 818 4600 nus,
852 4535 1022 4589 Macrobius.
1062 4537 1123 4589 Vid.
1149 4539 1310 4591 Markland.
1360 4547 1546 4591 cantatores..
1563 4540 1604 4591 Es
1623 4539 1793 4607 hisquoque
1811 4546 1923 4593 constat

750 4606 787 4658 ad
807 4605 881 4657 Max.
902 4604 972 4672 Tyr.
992 4603 1133 4668 XXXVII,
1150 4611 1181 4670 6,
1197 4611 1258 4659 elo.
1282 4614 1311 4658 et
1360 4607 1432 4671 apud
1453 4608 1627 4660 Macrobiuur
1652 4609 1702 4661 lib.
1719 4609 1756 4659 11.
1778 4609 1807 4661 in
1824 4608 1921 4661 somn.

750 4673 863 4726 Horatii
879 4672 1005 4726 imitetur
1023 4672 1170 4727 Pstiedius
1188 4674 1217 4728 in
1234 4675 1309 4727 diie-
1358 4673 1435 4738 Saip.
1459 4691 1519 4740 cap.
1537 4678 1562 4728 3.
1585 4693 1639 4728 uon
1658 4677 1811 4728 addendam
1834 4693 1922 4727 vocu-

750 4741 834 4810 goriu
853 4740 970 4809 Orphei,
988 4757 1014 4792 v.
1034 4742 1097 4791 lo.·‘
1359 4742 1416 4792 tum
1445 4745 1568 4796 mutieres
1594 4745 1641 4796 vel
1667 4761 1750 4810 saue,
1785 4759 1856 4811 quae
1882 4745 1920 4795 ob

782 4810 979 4876 aullo.affectu
1002 4808 1105 4875 molles]
1134 4807 1154 4860 i.
1165 4825 1208 4872 ,e.
1236 4824 1309 4875 auae
1358 4808 1573 4863 similitudinem
1610 4813 1807 4880 praecedentis
1840 4812 1921 4865 vacis

747 4878 827 4929 nulio
865 4878 969 4931 affeetu
1008 4877 1183 4929 mollientur.
1235 4876 1308 4929 con·
1355 4886 1523 4943 praestantes
1545 4879 1697 4945 exciderit,
1731 4888 1763 4933 ut
1787 4881 1920 4947 placebat

744 4946 863 4999 structio
885 4946 951 4999 iane
972 4944 1088 4997 iseitius
1106 4942 1247 5008 procedit,
1281 4945 1306 4998 si
1357 4944 1484 5010 Scipioni
1508 4947 1616 5001 Gentili
1637 4950 1671 5000 ad
1696 4947 1827 5016 Appulaii
1845 4949 1920 5014 Apo·

743 5014 867 5083 legimus
882 5013 1003 5074 mobilem
1019 5012 1067 5063 sed
1084 5011 1121 5061 ai.
1138 5010 1152 5074 ἕ
1168 5015 1192 5060 7.
1210 5012 1306 5078 quidue
1356 5012 1472 5078 logiam.
1507 5013 1603 5081 Neque
1624 5016 1697 5068 enim
1722 5023 1919 5082 praecantata·

745 5116 770 5133 ..
794 5085 832 5136 ad
854 5081 1032 5134 moltitiem
1054 5079 1199 5144 uoluptatis
1220 5083 1305 5132 resat-
1354 5097 1400 5132 res
1416 5081 1551 5134 soulieres
1570 5085 1615 5136 sei
1633 5087 1732 5135 enrss.“
1747 5113 1783 5123 -
1800 5084 1849 5135 Vir
1866 5085 1918 5137 ἰΙΙο

741 5160 847 5203 eantur.
882 5146 1013 5201 Mertisn.
1034 5144 1089 5209 lX,
1112 5147 1125 5211 ὗ
1145 5148 1205 5197 92³.
1224 5151 1303 5211 sero·
1353 5148 1453 5200 doetus
1480 5152 1593 5203 videtur
1618 5151 1778 5218 respexisse
1803 5154 1838 5203 ad
1864 5152 1917 5203 Ti-

741 5219 810 5269 eiam
831 5216 915 5270 enimi
934 5214 1006 5267 essm
1032 5221 1081 5266 aut
1100 5214 1201 5277 fidibus
1225 5217 1302 5268 moi·
1352 5215 1423 5268 nott.
1442 5218 1524 5285 Eieg.
1543 5219 1571 5283 1,
1595 5224 1626 5283 5,
1649 5226 1762 5285 9seqq.
1786 5221 1837 5272 lite
1854 5237 1917 5289 ego,

734 5286 871 5346 tientes,
901 5282 958 5347 eti
976 5284 1036 5334 ⁹20.
1054 5290 1086 5337 ut
1103 5282 1132 5335 is
1150 5319 1175 5335 ..
1191 5286 1300 5337 motti·
1345 5300 1408 5337 eom
1427 5288 1499 5340 tristi
1513 5288 1602 5341 morto
1620 5289 1725 5354 defessa
1742 5290 1856 5353 iaceres,
1879 5290 1916 5342 re
