5092 6425
1200 860 1338 930 ashur
1357 863 1398 930 11.
1838 895 1913 940 ,m

685 1029 751 1096 lpse
766 1030 803 1084 de
816 1029 898 1084 nulla
916 1046 948 1084 ro
962 1029 1124 1084 accuratius
1141 1031 1284 1100 disputat,
1305 1035 1356 1088 sed
1373 1052 1458 1104 saepe
1476 1035 1549 1091 alios
1566 1038 1601 1091 ad
1619 1039 1817 1109 disputandum
1836 1044 1913 1099 esci·

685 1120 728 1169 tet
750 1122 780 1168 et
796 1116 866 1170 aliis
882 1117 1085 1170 insusurrando
1107 1117 1183 1185 (1‚4‚
1200 1124 1231 1185 13
1249 1120 1295 1187 Vl,
1312 1127 1338 1187 7,
1357 1124 1395 1188 1.)
1420 1126 1449 1176 et
1472 1124 1618 1190 loquentes
1639 1126 1848 1195 interpellando
1865 1131 1911 1184 rel

685 1218 734 1253 cos
751 1203 956 1271 interroganda
971 1202 1007 1269 (1,
1025 1208 1052 1270 b,
1070 1206 1101 1266 13
1117 1202 1141 1267 l,
1154 1207 1181 1268 6,
1199 1207 1231 1269 ³3
1248 1205 1271 1270 1,
1290 1211 1330 1271 11,
1351 1212 1382 1272 13
1401 1209 1432 1275 V,
1450 1213 1522 1273 1‚2;
1540 1212 1571 1274 V,
1588 1215 1614 1276 3,
1632 1216 1678 1276 ]6;
1695 1213 1830 1279 11,7-9;
1848 1216 1909 1281 Vll,

685 1292 758 1352 213
778 1289 839 1353 Vll,
860 1292 902 1354 la,
920 1292 934 1339 1
954 1289 1037 1356 squ).
1072 1291 1223 1342 Praeterea
1246 1291 1320 1346 nihil
1344 1295 1416 1346 certi
1440 1295 1475 1347 de
1497 1312 1531 1348 eo
1549 1296 1663 1350 scimus.
1699 1297 1801 1351 Sarius
1820 1301 1908 1364 (Ono-

684 1378 764 1424 mast.
783 1372 906 1426 litterar.
929 1379 949 1426 t.
965 1374 987 1426 1.
1012 1392 1039 1441 p.
1056 1376 1143 1440 4711),
1165 1375 1282 1429 Sextum
1300 1379 1404 1432 Rufum
1426 1381 1542 1434 Festum
1564 1381 1713 1444 Anienem,
1740 1383 1908 1441 Aratcornm

683 1463 712 1510 et
732 1458 922 1535 l’eriegeseos
947 1459 1136 1526 Dionysiacos
1160 1461 1357 1530 interpretem,
1385 1465 1528 1519 diversum
1551 1482 1567 1519 a
1589 1466 1688 1521 Flavio
1708 1469 1815 1525 Avieno
1833 1473 1906 1541 Apo·

682 1544 813 1612 iugorum
831 1545 980 1611 scriptore,
998 1545 1074 1597 hunc
1093 1553 1188 1600 censet
1205 1566 1278 1601 esse.

748 1629 901 1683 Fabricius
918 1631 938 1682 l.
957 1648 981 1681 c.
998 1647 1052 1683 non
1075 1638 1153 1685 recte
1168 1650 1232 1685 cum
1249 1639 1332 1688 vocnt
1350 1636 1539 1689 Nicomachum
1552 1639 1693 1705 Artenam,
1712 1657 1793 1707 quem
1811 1645 1905 1712 seqni-

680 1717 727 1766 tur
744 1716 861 1782 Uahal,
886 1716 933 1783 qui
951 1732 1014 1768 cum
1031 1717 1157 1770 Portuno
1174 1719 1193 1770 l.
1210 1737 1235 1770 c.
1253 1725 1335 1787 putat
1352 1722 1470 1774 eundem
1487 1738 1550 1776 esse
1569 1740 1603 1777 ac
1621 1742 1705 1792 quem
1727 1727 1851 1796 legimur
1874 1731 1904 1784 in

681 1799 798 1853 Gruteri
824 1800 1009 1870 inscriptione
1036 1800 1193 1868 CCCLXX,
1212 1807 1239 1855 a.
1269 1807 1302 1859 1..
1328 1809 1394 1860 Aac.
1419 1809 1562 1862 Avianium
1589 1811 1789 1879 Symmachum,
1821 1834 1903 1885 quem

679 1885 847 1954 Symmachi
867 1887 958 1941 inisse
975 1895 1084 1957 patrem
1103 1890 1335 1958 supradiximus.

748 1990 779 2041 g.
816 1973 963 2027 Servius
990 1990 1008 2026 n
1037 1975 1182 2029 Macrohio
1208 1976 1372 2045 depingitur
1397 1982 1428 2031 nt
1451 1979 1617 2034 adolescens
1644 1982 1732 2052 (La,
1753 1988 1807 2053 15.)
1833 1989 1903 2042 inter

678 2060 872 2127 grammaticae
894 2061 1023 2114 doctorem
1047 2076 1136 2113 recem
1154 2065 1304 2129 professae,
1333 2063 1410 2116 iacta
1433 2064 1554 2118 doctrina
1576 2068 1706 2123 mirabitis
1728 2079 1754 2126 et
1778 2077 1902 2130 amabitis

678 2144 856 2210 uerecundia,
879 2145 927 2213 qni
945 2145 1038 2213 (ibid.)
1055 2144 1257 2215 Symmachum
1277 2152 1307 2199 et
1323 2145 1472 2200 Caecinam
1488 2151 1620 2205 Albinum
1638 2155 1673 2207 ad
1690 2158 1901 2216 Praetextatam

679 2227 788 2281 dicitnr
811 2247 872 2283 esse
892 2237 1007 2286 secutus
1029 2241 1126 2286 terrum
1143 2233 1250 2284 intuens
1266 2240 1292 2285 et
1307 2233 1379 2286 octat
1397 2233 1492 2286 latenti
1509 2237 1611 2290 similis.
1647 2241 1822 2298 Verecundiu
1839 2247 1901 2303 eius

681 2321 831 2382 praetcrea
846 2318 977 2372 laudatur
990 2318 1028 2384 ll,
1047 2323 1073 2382 2,
1095 2323 1135 2370 11.
1155 2324 1183 2370 et
1201 2317 1260 2380 Vll,
1281 2321 1323 2382 11,
1342 2320 1381 2381 1.,
1403 2316 1451 2370 uhi
1468 2317 1612 2372 Disurius:
1632 2325 1727 2394 ‚‚Age‚
1748 2331 1838 2395 Serui,
1857 2333 1901 2385 in.

681 2400 758 2467 quit,
788 2421 839 2456 non
860 2407 944 2459 eatam
967 2406 1173 2459 adolescentiam
1193 2405 1240 2475 qui
1266 2403 1317 2458 tibi
1342 2404 1472 2471 aequaevi
1495 2413 1571 2470 rant,
1605 2408 1651 2461 red
1679 2428 1770 2465 senam
1799 2432 1900 2486 propes

677 2493 795 2540 omnium
817 2492 978 2560 doctissime,
1005 2493 1182 2545 commarcula
1201 2495 1318 2556 frontem
1338 2495 1391 2542 cet.
1425 2487 1548 2542 Avienus
1570 2492 1631 2560 (Vl,
1654 2501 1684 2561 7,
1702 2499 1739 2563 4.)
1764 2502 1899 2557 doctore.

674 2576 821 2628 morinum
842 2594 905 2629 enm
929 2584 1023 2644 vocat,
1048 2584 1077 2630 et
1093 2577 1215 2631 Caecina
1236 2575 1356 2630 Albinus
1380 2575 1440 2642 (Vl,
1458 2580 1484 2641 ti,
1504 2577 1543 2644 1.)
1557 2595 1620 2632 enm
1640 2581 1709 2635 dicit
1723 2588 1819 2640 cotidie
1839 2591 1897 2642 llo-

675 2678 772 2714 manac
788 2663 875 2716 indoli
891 2681 1017 2716 enarrare
1035 2666 1146 2716 cundem
1162 2671 1260 2726 cutem,
1277 2663 1297 2716 i.
1310 2679 1336 2714 e.
1355 2660 1515 2730 Virgilium,
1534 2668 1566 2717 nt
1583 2666 1706 2723 dubitari
1725 2689 1778 2726 nnn
1796 2676 1896 2742 possit,

673 2748 742 2814 quin
768 2750 932 2804 Macrobius
961 2768 1014 2803 non
1039 2749 1127 2803 alium
1156 2749 1211 2825 nisi
1237 2751 1368 2803 Maurum
1393 2749 1476 2801 illum
1503 2749 1633 2805 Servium
1662 2755 1838 2813 Honoratum
1867 2761 1897 2815 iu

672 2833 768 2887 animo
785 2835 936 2903 hebuerit,
953 2836 1001 2904 qni
1019 2838 1177 2904 comperuit
1194 2836 1291 2888 cadem
1308 2835 1361 2888 illa
1379 2841 1472 2889 aetate
1490 2835 1533 2900 ³⁶)
1553 2843 1768 2896 commentarios
1787 2845 1816 2897 in
1833 2846 1897 2899 Vir-

672 2918 787 2988 gilium,
804 2923 854 2975 scd
872 2923 1023 2976 ridiculum
1042 2928 1096 2988 est,
1114 2921 1188 2989 quod
1204 2928 1301 2975 censet
1316 2922 1418 2974 diabol
1435 2921 1557 2974 fortasse
1577 2924 1649 2977 haec
1670 2929 1813 2997 colloquia
1831 2949 1896 2986 eum

671 3005 825 3061 adduxiece
852 3011 887 3063 ad
912 3011 1077 3079 illudopna
1101 3010 1337 3076 componendum,
1361 3008 1492 3074 qnoniam
1508 3006 1670 3064 Macrobius
1693 3013 1733 3072 (in
1755 3017 1845 3082 praei.
1866 3023 1896 3071 et

670 3091 722 3144 lib.
740 3093 764 3157 1,
783 3112 808 3148 c.
826 3099 863 3160 l.)
886 3097 951 3150 lnce
969 3097 1076 3150 clarius
1093 3095 1217 3148 ostendit
1233 3095 1306 3147 haec
1323 3092 1465 3159 colloquia
1486 3108 1503 3145 a
1526 3111 1558 3147 se
1580 3113 1642 3150 csse
1663 3097 1745 3163 licta,
1768 3107 1798 3154 et
1821 3118 1894 3169 quae

669 3177 722 3230 ille
742 3188 882 3236 memorat
897 3181 998 3236 iisdem
1017 3182 1076 3235 iere
1093 3179 1189 3234 verbis
1211 3186 1295 3248 atque
1314 3179 1343 3232 in
1362 3179 1423 3232 illis
1437 3183 1645 3237 commentariis
1663 3184 1789 3253 prolata,
1818 3201 1853 3241 ca
1875 3203 1893 3243 a

669 3263 797 3319 Pantano
822 3285 886 3322 esse
907 3268 1055 3337 supposita
1079 3268 1154 3320 inira
1181 3266 1346 3321 ridebimus.
1383 3266 1514 3333 llisputat
1539 3274 1633 3321 antem
1656 3270 1772 3323 Servius
1794 3272 1845 3324 lib.
1868 3274 1893 3339 1,

671 3366 695 3403 c.
715 3353 743 3403 4.
769 3354 805 3406 de
829 3354 922 3407 dubiis
944 3354 1110 3421 quibusdam
1132 3370 1247 3405 casuum
1272 3351 1387 3414 formis,
1417 3351 1466 3403 lib.
1489 3351 1728 3417 111‚cc.1s-eo.
1751 3355 1786 3406 de
1803 3356 1892 3411 variis

669 3436 813 3491 fructuum
836 3440 1006 3509 generibus,
1034 3439 1085 3493 lib.
1103 3440 1153 3504 Vl,
1172 3455 1196 3489 c.
1212 3441 1239 3488 6.
1267 3437 1302 3487 de
1319 3436 1356 3488 iis
1375 3450 1447 3501 quae
1463 3434 1602 3504 Virgilius
1627 3436 1767 3491 invenerit
1789 3440 1892 3506 quibus

669 3520 817 3577 hatinitnti
833 3525 972 3579 adiiceret
989 3526 1124 3593 leporem,
1141 3529 1170 3575 et
1185 3539 1226 3574 cc.
1245 3525 1310 3572 7-9.
1345 3518 1446 3572 Avieni
1459 3519 1494 3572 de
1514 3518 1637 3589 singulis
1652 3522 1819 3592 quibusdam
1830 3525 1891 3579 Vir-

668 3608 736 3675 gilii
751 3609 822 3663 locis
838 3612 989 3680 respondet
1005 3608 1286 3680 interrogationibus.

738 3693 768 3746 h.
802 3696 1012 3750 Enstnthius
1032 3696 1066 3763 (1,
1084 3701 1110 3762 6,
1127 3699 1164 3763 4)
1184 3694 1262 3748 venit
1281 3708 1344 3745 cnm
1362 3688 1515 3758 Flaviano,
1543 3690 1595 3760 ‚qut
1616 3691 1749 3748 dicuntur
1767 3714 1821 3767 per
1844 3699 1889 3751 in-

666 3780 774 3850 iurigne
795 3783 946 3844 amiciticec
962 3798 1026 3834 eum
1044 3782 1135 3849 ipsum
1155 3779 1260 3834 ceteris
1278 3778 1454 3833 commendat
1471 3776 1580 3832 Vettius
1598 3778 1638 3846 (1,
1655 3783 1686 3847 b,
1703 3784 1737 3833 13
1751 3782 1823 3852 sqq.)
1842 3782 1888 3836 hie

664 3867 775 3919 verbis:
800 3869 953 3935 quitantur
969 3870 998 3919 in
1015 3868 1086 3920 cmni
1102 3884 1199 3938 genere
1213 3866 1398 3934 philosophiae
1415 3872 1470 3927 eet,
1488 3870 1519 3918 ut
1535 3863 1608 3918 enlm
1621 3865 1697 3923 setis
1711 3876 1889 3938 eeprcemmcc

664 3951 778 4020 ingenia
792 3954 872 4006 triam
887 3953 1099 4022 pbilosophorum
1115 3953 1149 4004 de
1165 3952 1258 4019 quibat
1273 3958 1366 4003 nostre
1382 3950 1531 4016 antiquitas
1545 3949 1666 4019 gloriata
1683 3957 1732 4018 est,
1748 3986 1757 4002 .
1775 3986 1784 4004 .
1801 3986 1810 4004 .
1828 3970 1888 4006 cun

664 4044 751 4089 sectae
779 4055 866 4090 omnes
892 4048 1026 4093 assecutas
1053 4040 1099 4092 sed
1124 4036 1327 4106 probabiliorem
1354 4042 1458 4088 recatus
1480 4036 1530 4098 eit,
1561 4036 1701 4103 emmaque
1726 4037 1792 4089 baec
1818 4038 1888 4091 iuter

668 4122 784 4175 Graecos
800 4141 900 4193 genera
920 4125 1024 4176 dicendi
1039 4125 1110 4177 aciae
1126 4125 1249 4192 impleat:
1278 4123 1349 4174 inter
1369 4138 1418 4173 nos
1438 4127 1529 4174 tunm
1550 4120 1592 4173 ita
1607 4120 1651 4173 mci
1668 4120 1784 4187 locuples
1801 4123 1885 4175 iater-

661 4224 725 4276 prce
744 4218 791 4273 eet,
808 4218 839 4263 ut
855 4211 957 4263 resciae
975 4228 1028 4277 pua
1045 4211 1143 4279 lingua
1157 4210 1269 4275 facilius
1287 4207 1329 4258 ccl
1347 4206 1467 4258 ornatius
1484 4204 1589 4271 expleat
1605 4218 1712 4271 operam
1730 4205 1884 4258 discerendi.

663 4294 840 4347 Platonicam
863 4296 944 4348 illum
970 4300 1076 4348 sectam
1099 4311 1162 4346 cese
1181 4294 1384 4362 probabiliorem
1402 4290 1468 4341 inde
1494 4289 1601 4350 elucet,
1630 4288 1702 4354 quod
1721 4287 1784 4352 (lih.
1804 4289 1841 4354 11,
1857 4295 1884 4356 8,

663 4382 752 4445 aequ.
768 4387 796 4433 et
816 4382 873 4434 Vll.
894 4400 917 4434 c.
935 4386 977 4445 15,
994 4384 1007 4450 5
1022 4384 1054 4432 14
1064 4382 1134 4447 sqq.)
1153 4380 1301 4432 Platonem
1315 4375 1442 4429 defendit
1460 4375 1495 4427 ah
1511 4373 1649 4443 Evangeli
1666 4378 1695 4427 ct
1711 4373 1817 4428 Disarii
1835 4377 1885 4428 oh-

663 4465 890 4519 trcctatiunibus.
914 4467 1016 4519 Furius
1031 4467 1178 4532 (Vltus.)
1193 4483 1256 4517 eum
1275 4465 1310 4516 ad
1323 4462 1470 4515 dicendum
1482 4460 1619 4512 excitans:
1642 4460 1752 4526 Quinte
1767 4462 1883 4527 unicam,

662 4551 806 4614 Eustatbi,
827 4552 932 4619 inquit,
955 4560 1106 4605 certatorem
1125 4551 1309 4619 philosophiae
1324 4557 1417 4601 nostra
1439 4555 1514 4600 actus
1532 4546 1608 4610 tulit,
1633 4551 1687 4597 cet.
1722 4543 1882 4612 Disputatio

660 4637 724 4690 eius
740 4638 907 4707 praecipua,
927 4654 999 4706 quae
1019 4644 1081 4690 erat
1101 4638 1136 4690 de
1154 4635 1269 4704 Virgilii
1290 4632 1464 4702 astrologiae
1484 4636 1512 4685 ct
1532 4630 1730 4698 philosophiae
1753 4631 1881 4695 scientia,

657 4722 818 4776 interciditr
838 4726 1011 4777 demonstrat
1027 4728 1174 4792 praetcrea
1191 4722 1251 4788 (lib.
1263 4721 1285 4774 1.
1295 4739 1317 4773 c.
1333 4724 1372 4784 16,
1385 4720 1398 4785 §
1410 4724 1445 4772 38
1455 4719 1527 4786 sqq)
1545 4718 1611 4785 quid
1621 4718 1711 4770 lulius
1729 4716 1834 4769 Cnerar
1851 4718 1881 4769 in

657 4785 814 4863 ordinando
829 4827 901 4864 anno
921 4816 1064 4863 mutuetur
1081 4808 1120 4861 sit
1137 4824 1153 4860 a
1171 4806 1305 4872 Graecis,
1331 4806 1393 4874 (lib.
1410 4805 1447 4869 ll,
1466 4823 1490 4856 c.
1507 4806 1544 4859 &l
1566 4803 1632 4871 quid
1656 4804 1691 4855 de
1711 4800 1776 4853 vino
1797 4807 1825 4854 et
1845 4801 1880 4854 de

656 4892 826 4949 lihidinibus
854 4897 1006 4950 statuerint
1037 4896 1118 4949 Plato
1144 4893 1311 4946 Aristoteles
1340 4892 1543 4960 Hippocrates,
1572 4889 1633 4954 (lib.
1659 4889 1689 4939 V.
1712 4904 1754 4939 cc·
1779 4888 1878 4952 2-22.)

656 4980 724 5046 quid
750 4982 785 5034 de
808 4983 926 5036 Graecis
948 4987 1091 5036 mutuatur
1115 4978 1153 5033 sit
1176 4978 1328 5047 Virgilius,
1354 4979 1416 5045 (lib.
1435 4978 1493 5028 Vll.
1514 4993 1537 5026 c.
1558 4975 1594 5039 1.)
1614 4972 1824 5041 philosophiam
1842 4970 1877 5022 ad

655 5068 753 5132 epulus
769 5084 832 5120 esse
850 5068 1070 5131 admittendum,
1100 5069 1137 5133 (c.
1154 5066 1192 5131 2.)
1219 5065 1320 5131 quibus
1344 5061 1614 5130 interrogationibus
1637 5059 1812 5110 delectentur
1835 5054 1877 5106 in-

652 5177 1064 5196 Ἣ

723 5246 769 5304 2⁶)
786 5241 830 5295 cr.
852 5241 915 5294 sla.
938 5242 1022 5294 uren
1044 5219 1135 5310 praec.
1156 5244 1191 5298 aa
1213 5243 1293 5299 serv.
1314 5261 1342 5310 p.
1359 5242 1390 5293 v.
1426 5240 1447 5292 1.
1470 5236 1576 5290 cnr.
1598 5233 1695 5287 uam
1721 5226 1823 5280 aaron.
1847 5226 1873 5277 r.

654 5306 731 5363 lirim.
749 5311 806 5365 hit.
824 5327 852 5362 v.
870 5310 894 5376 1,
915 5328 943 5377 p.
959 5314 1020 5363 231,
1313 5362 1315 5365 ⁴

1909 5347 1925 5399 t
