5092 6425
813 923 1287 993 consummassem.
1330 927 1406 992 LlB.
1428 931 1451 993 l.
1495 930 1585 998 GAP.
1606 935 1691 1000 XIV.
1795 937 1837 1006 83

658 1120 731 1164 rum
754 1096 873 1161 faecem
896 1116 957 1160 una
987 1094 1103 1160 mutuis
1130 1116 1163 1161 se
1185 1095 1316 1161 vinculis
1345 1098 1477 1182 religans
1504 1108 1535 1165 et
1563 1124 1715 1188 nusquam
1742 1107 1837 1173 inter-

658 1192 752 1270 rupta
775 1181 915 1247 conexio.
959 1180 1001 1245 Et
1023 1180 1098 1244 haec
1122 1188 1169 1246 est
1187 1182 1316 1246 Homeri
1338 1192 1443 1248 catena
1463 1207 1565 1265 aurea,
1588 1209 1680 1286 quam
1701 1192 1836 1275 pendere

660 1270 700 1335 de
723 1268 808 1333 caelo
832 1267 863 1331 in
886 1274 983 1331 terras
1009 1264 1100 1330 deum
1124 1266 1248 1332 iussisse
1272 1279 1503 1336 commemorat.
1566 1275 1622 1338 Hrs
1647 1296 1721 1359 ergo
1748 1277 1887 1345 dictislh

661 1355 763 1421 solum
782 1352 941 1417 hominem
961 1358 1081 1416 constat
1103 1372 1141 1415 ex
1158 1353 1290 1416 terrenis
1308 1355 1453 1420 omnibus
1473 1357 1593 1435 mentis,
1613 1359 1644 1423 id
1665 1370 1712 1427 est
1732 1363 1836 1440 animi,

662 1440 842 1506 societatem
871 1458 942 1502 cum
967 1436 1056 1525 caelo
1085 1445 1116 1500 et
1144 1437 1296 1503 sideribus
1324 1438 1438 1504 habere
1467 1462 1671 1509 communem.
1713 1448 1755 1512 Et
1778 1448 1837 1514 hoc

661 1535 710 1592 est
732 1523 815 1610 quod
839 1522 894 1587 ait:
920 1522 1024 1672 hieme
1045 1523 1165 1588 ant'mns
1188 1523 1277 1587 datas
1297 1537 1339 1588 est
1359 1548 1398 1589 en
1421 1526 1481 1590 illos
1500 1531 1685 1614 sempiternis
1707 1533 1721 1595 i
1761 1535 1836 1612 ibas,

662 1634 739 1699 qnae
756 1610 860 1674 sidera
881 1619 908 1672 et
927 1618 969 1672 ste
1009 1609 1163 1673 scacatis.
1208 1609 1271 1674 Nec
1298 1617 1401 1674 tamen
1431 1632 1469 1674 ex
1495 1611 1568 1697 ipsis
1595 1616 1777 1683 caelestius
1805 1627 1836 1684 et
1850 1619 1887 1684 ll

662 1694 859 1781 sempiternis
881 1693 1004 1779 ignibus
1026 1714 1082 1757 nos
1104 1692 1178 1757 dicit
1197 1693 1349 1758 animatos
1378 1695 1472 1779 (ignis
1497 1698 1579 1762 enirn
1604 1700 1675 1765 lieet
1697 1701 1836 1770 divinum

662 1791 767 1848 tamen
788 1800 900 1864 corpus
922 1786 986 1853 est,
1014 1798 1071 1843 nec
1093 1799 1130 1841 ex
1152 1798 1281 1863 corpore
1304 1781 1443 1865 quamvis
1465 1781 1569 1849 divino
1590 1805 1751 1870 possemus
1772 1790 1838 1854 ani·

663 1867 774 1944 mari),
802 1865 856 1930 sed
877 1863 960 1929 unde
981 1863 1047 1948 ipsa
1072 1863 1123 1927 illa
1152 1884 1281 1947 corpora
1311 1886 1390 1950 quae
1412 1865 1514 1932 divina
1536 1877 1568 1934 et
1589 1879 1662 1936 sunt
1683 1880 1715 1936 et
1733 1873 1838 1940 viden·

663 1961 717 2018 tur
741 1950 873 2016 animata
901 1957 988 2025 sunt,
1025 1948 1124 2014 idest
1152 1969 1190 2013 ex
1217 1969 1252 2013 ea
1281 1951 1455 2016 mundanae
1483 1953 1603 2020 animae
1631 1965 1717 2041 parte
1745 1980 1837 2044 quam

665 2037 800 2103 diximus
820 2035 858 2100 de
878 2055 955 2120 pura
976 2042 1079 2099 mente
1100 2042 1248 2099 constare.
1291 2037 1334 2099 Et
1355 2036 1439 2113 ideo,
1463 2046 1625 2125 postquam
1650 2041 1743 2106 dixit:
1777 2042 1890 2110 hes-18

666 2146 723 2210 qne
745 2123 865 2186 animas
886 2122 973 2186 datas
996 2131 1037 2185 est
1064 2142 1104 2184 ea
1126 2120 1185 2184 illis
1206 2121 1393 2217 sempslepnis
1414 2123 1549 2207 ipnihes,
1584 2146 1660 2211 qnae
1685 2129 1787 2194 ssilera
1812 2142 1840 2195 et

666 2209 765 2273 stellas
784 2207 904 2282 coeatis,
925 2225 998 2269 mox
1015 2204 1140 2270 adiecit:
1162 2226 1238 2291 qnae
1257 2205 1370 2270 divinis
1389 2208 1539 2271 animatae
1555 2212 1708 2287 mentibus,
1729 2221 1764 2278 ut
1785 2236 1840 2300 per

667 2292 874 2376 sempiternos
896 2291 981 2374 ignes
1002 2310 1114 2374 corpus
1135 2289 1309 2366 stellarum,
1339 2311 1394 2376 per
1418 2291 1536 2357 divinas
1558 2314 1630 2358 vero
1650 2303 1770 2361 mentes
1790 2320 1840 2363 ea-

667 2399 737 2443 rum
769 2375 886 2440 animas
908 2374 1066 2440 manifesta
1092 2374 1276 2439 discretione
1300 2375 1451 2460 significet
1472 2384 1503 2441 et
1524 2399 1563 2442 ex
1584 2378 1643 2444 illis
1665 2381 1696 2445 io
1719 2391 1840 2448 nostras

666 2462 774 2529 venire
796 2461 913 2524 animas
938 2458 997 2525 vim
1019 2460 1131 2525 mentis
1155 2459 1306 2524 ostendat.
1355 2462 1425 2527 Non
1448 2461 1540 2528 abre
1562 2472 1623 2542 est,
1650 2473 1686 2530 ut
1706 2466 1781 2532 haec
1801 2469 1839 2534 de
1852 2465 1891 2531 19

666 2547 770 2612 anima
793 2545 959 2630 disputatio
981 2546 1013 2609 in
1033 2545 1095 2610 line
1116 2546 1285 2610 sententias
1304 2546 1443 2611 omnium
1470 2548 1524 2632 qui
1550 2549 1588 2613 de
1610 2550 1711 2615 anima
1733 2552 1891 2629 viden-[re]

668 2641 720 2697 tur
746 2631 962 2716 pronuntiasse
989 2630 1154 2694 contineat.
1203 2631 1315 2695 Platon
1344 2631 1422 2697 dixit
1452 2633 1586 2698 animam
1615 2637 1779 2701 essentiam
1807 2660 1840 2704 se

669 2724 860 2792 moventem,
881 2717 1074 2780 Xenocrates
1095 2736 1259 2780 numerum
1283 2737 1315 2780 se
1338 2724 1530 2797 moventem,
1552 2719 1735 2787 Aristoteles
1757 2720 1841 2788 ἐντε-

668 2800 811 2884 λέχειαν,
839 2800 1030 2886 Pythagoras
1053 2807 1085 2864 et
1106 2800 1264 2866 Philolaus
1288 2800 1495 2880 harmoniam,
1523 2804 1709 2873 Posidonius
1731 2807 1841 2886 ideam,

669 2887 865 2972 Asclepiades
889 2885 1028 2971 quinque
1053 2905 1199 2950 sensuum
1221 2887 1401 2952 exercitium
1425 2889 1483 2953 sibi
1505 2910 1691 2967 consonum,
1722 2893 1841 2979 Hippo·

669 2981 768 3038 crates
795 2971 938 3056 spiritum
968 2979 1094 3036 tenuem
1122 2990 1177 3055 per
1197 2991 1309 3070 corpus
1329 2993 1421 3037 omne
1440 2974 1628 3060 dispersum,
1662 2977 1841 3045 Heraclides

669 3057 817 3123 Ponticus
838 3056 955 3136 lucem,
977 3055 1152 3122 Heraclitus
1174 3055 1318 3142 physicus
1340 3058 1503 3123 scintillam
1527 3060 1658 3126 stellaris
1680 3065 1840 3144 essentiae,

1464 3210 1550 3273 [Edd.
1573 3210 1776 3281 sicehgspdsb.

670 3298 705 3351 G.
741 3294 920 3347 intuentihus
944 3292 997 3344 m.
1021 3284 1132 3345 -'ssna
1149 3312 1177 3348 se
1195 3295 1294 3347 metuis
1317 3309 1378 3361 o-g.
1403 3322 1437 3330 —
1459 3303 1485 3347 et
1500 3296 1565 3347 llaec
1583 3299 1652 3361 (orn.
1668 3298 1721 3361 est)
1741 3298 1792 3350 Rl.
1810 3329 1845 3338 -

777 3365 818 3412 lc.
853 3361 976 3413 societate
989 3360 1075 3412 animi
1096 3362 1148 3414 Rl.
1303 3366 1344 3411 lt.
1380 3378 1411 3412 ea
1428 3364 1590 3429 sempiternis
1613 3368 1681 3424 (om.
1700 3366 1765 3431 ipsis
1782 3383 1844 3418 cae·

671 3432 781 3482 testibus
798 3433 836 3488 et)
854 3427 925 3479 Bes.
947 3457 982 3466 -
1001 3429 1076 3497 ignis
1094 3430 1163 3481 enim
1180 3429 1221 3481 ill
1228 3446 1241 3481 e
1267 3427 1432 3479 EddPBers.
1452 3458 1487 3466 —
1508 3431 1558 3481 illa
1576 3431 1636 3498 ipsa
1654 3430 1705 3482 m.
1726 3461 1762 3470 -
1781 3436 1844 3485 oni-

671 3506 747 3551 mata
770 3504 829 3558 (om
861 3500 936 3554 sant)
959 3495 1029 3547 Bes.
1053 3525 1089 3534 —
1117 3497 1242 3562 dirimas]
1267 3497 1303 3547 cl.
1327 3495 1356 3562 ἕξ
1378 3500 1404 3546 t.
1431 3499 1457 3546 8.
1612 3502 1653 3549 18.
1688 3500 1845 3553 discretione

671 3564 885 3618 mssnzs’sffle
917 3564 991 3627 „duo
1015 3579 1099 3615 monn
1126 3566 1255 3616 exarnti‘·
1278 3564 1353 3614 hlud.
1382 3562 1414 3614 N.
1440 3563 1471 3614 Is.
1500 3580 1525 3628 p.
1550 3567 1607 3615 182.
1660 3566 1844 3628 „Praetorem

672 3634 746 3701 quod
767 3641 827 3684 essst
844 3632 871 3683 in
890 3630 1062 3684 membranis
1081 3632 1230 3684 hlodinnis.
1266 3630 1361 3682 lnonit
1380 3631 1453 3682 enim
1473 3632 1651 3684 discretionem
1669 3634 1729 3687 sire
1746 3636 1847 3688 discri-

674 3719 736 3752 men
755 3718 816 3753 csse
835 3699 1600 3769 intersemps'ternosignesctdininasmentes.“Parsa.
1636 3700 1771 3766 „Nullum
1786 3706 1847 3759 virli
1892 3713 1894 3718 '

673 3770 808 3831 codicem,
829 3768 855 3819 in
875 3785 929 3833 quo
948 3783 1002 3817 nan
1022 3766 1059 3819 sit
1076 3768 1238 3829 discretione,
1260 3769 1333 3833 qnod
1352 3766 1465 3817 ‹snsnino
1483 3768 1637 3834 requiritur
1655 3774 1684 3820 et
1703 3770 1765 3823 ideo
1782 3776 1847 3825 cosi-

673 3843 779 3889 tentnm
803 3834 940 3887 mutavi-‘⁸
962 3835 1048 3885 Gran.
1084 3834 1188 3887 coritis
1212 3835 1318 3886 Zennio
1341 3836 1514 3903 descriptione
1537 3834 1634 3903 utique
1655 3838 1768 3891 videtur
1785 3857 1848 3893 ver·

673 3906 740 3956 bum
764 3903 931 3970 exquisitius
957 3908 985 3954 ot
1010 3902 1051 3953 roi
1074 3902 1184 3968 aptius,
1215 3904 1250 3953 de
1270 3903 1349 3953 enisis
1369 3920 1421 3953 usu
1439 3902 1562 3953 conferri
1581 3903 1660 3960 iubet
1678 3905 1743 3958 Esn.
1766 3907 1847 3960 clav.

674 3972 732 4023 Cia.
768 3973 803 4023 nt
819 3972 854 4023 el.
872 3970 909 4028 11,
931 3973 971 4031 lt,
989 3973 1016 4020 6.
1052 3970 1259 4037 descriptione
1277 3971 1356 4037 v·pb.
1373 3998 1408 4007 —-
1425 3978 1549 4023 etates
1567 3972 1622 4022 illis
1639 3971 1711 4023 Bsss.

675 4044 716 4092 19.
756 4041 850 4091 Platon
871 4036 1004 4088 esulae
1020 4037 1114 4100 „Ms.“
1152 4039 1235 4090 Plato
1251 4037 1426 4099 sucrum,
1445 4043 1475 4090 nt
1494 4036 1565 4087 alibi
1586 4038 1622 4098 (Ι,
1643 4041 1685 4100 19,
1704 4039 1718 4103 5
1738 4043 1750 4089 l
1770 4047 1799 4092 et
1815 4046 1848 4104 23

672 4113 723 4167 20,
746 4107 759 4172 ξ
781 4110 803 4157 1.
822 4110 889 4164 etc.)
913 4104 989 4155 codd.
1008 4120 1114 4156 omnes.
1136 4106 1329 4157 -essentiam
1348 4121 1417 4155 esse
1435 4121 1462 4154 se
1487 4105 1536 4154 Hl.
1576 4120 1647 4155 esse
1663 4107 1802 4157 essentiam
1820 4126 1849 4159 se

674 4175 747 4225 Bon.
764 4202 798 4253 -.
815 4172 986 4224 entelechiam
1004 4173 1193 4253 impendel.)
1214 4173 1264 4223 H2.
1300 4172 1386 4222 eisteti
1393 4171 1477 4250 chiam
1500 4171 1529 4220 F.
1540 4198 1577 4250 -·
1590 4170 1735 4235 philolaus
1754 4173 1846 4223 Bt.—

672 4240 832 4360 elstret:
846 4237 1849 4371 tete‘r‘estimet-sttrcttru..nitranensis

675 4375 833 4427 Heraclides
855 4372 985 4425 Ponticas.
1021 4373 1091 4426 Nam
1112 4375 1154 4427 ita
1173 4374 1278 4442 passim
1294 4390 1311 4426 a
1330 4372 1465 4423 Cicerone
1487 4377 1516 4423 et
1533 4372 1568 4423 ab
1587 4372 1654 4425 aliis
1671 4390 1783 4441 semper
1798 4392 1849 4428 ro-

712 4512 753 4558 19.
794 4505 939 4557 sententias
974 4506 1089 4557 omnium
1125 4508 1171 4575 qui
1205 4508 1237 4558 de
1288 4503 1451 4557 Macrobius
1479 4504 1588 4568 protest
1611 4505 1646 4555 de
1671 4506 1850 4574 Empedocle,

675 4578 768 4628 areima
787 4576 912 4625 videntur
927 4574 1124 4641 pronuntiasse]
1145 4574 1239 4639 „Con-
1290 4574 1324 4624 de
1350 4572 1521 4633 Xenocrate,
1551 4573 1585 4626 sle
1612 4572 1785 4641 Democrito,
1816 4578 1850 4628 sle

676 4646 720 4694 ter
739 4642 797 4693 Cic.
817 4641 935 4692 Tuscnl.
954 4642 1070 4706 Quaest.
1093 4642 1121 4705 l,
1145 4647 1162 4694 9
1179 4660 1237 4707 seq.
1288 4639 1458 4701 Aristotele;
1485 4639 1519 4689 do
1537 4639 1655 4690 Platone
1674 4643 1766 4709 magis
1785 4660 1851 4694 con-

676 4712 708 4763 it.
723 4709 889 4761 dellirinet.
905 4710 1014 4771 ll‚15.⁴‘
1034 4710 1121 4761 Zsurs.
1156 4710 1238 4760 Hunc
1313 4713 1397 4758 suunt
1415 4722 1477 4756 eum
1496 4713 1591 4758 nostro
1610 4707 1671 4758 loco
1691 4726 1762 4775 quae
1781 4712 1852 4763 dicit

676 4779 798 4831 alterurn
827 4779 918 4829 locum
946 4795 1008 4828 curn
1039 4778 1142 4829 citaret
1167 4777 1239 4827 'Leu-
1290 4725 1391 4825 Hiceta
1408 4774 1442 4824 de
1458 4780 1513 4825 nat.
1534 4775 1610 4826 deor.
1629 4774 1670 4836 ll,
1696 4781 1741 4839 12,
1760 4782 1803 4829 32.
1824 4785 1851 4830 et

676 4847 754 4909 nius,
787 4846 901 4897 videtur·
919 4844 1078 4912 respexisse
1100 4846 1134 4895 sd
1155 4845 1240 4894 verba
1292 4842 1327 4893 ds
1341 4845 1516 4906 sen.21,18;
1536 4842 1778 4908 deniqneCicercs
1800 4848 1852 4897 Ze-

677 4913 703 4980 [5
723 4914 789 4981 35.]:
819 4914 904 4966 Pudet
923 4930 964 4964 me
982 4945 1026 4964 ...
1048 4912 1240 4979 Chrysippi,
1292 4910 1357 4960 noni
1370 4910 1467 4972 Stoico,
1487 4909 1587 4975 inquit,
1601 4912 1705 4963 enimus
1721 4914 1795 4981 ignis
1808 4915 1851 4965 ei-

679 4983 869 5048 Antipatrs',
903 4980 1093 5044 Posidonii,
1125 4980 1171 5045 qni
1293 4979 1383 5036 deror,
1407 4993 1489 5043 qnam
1510 4977 1678 5029 sententiam
1698 4980 1853 5048 Hipparcho

679 5050 770 5101 dicant
864 5050 901 5100 ssd
927 5048 1041 5100 hostiam
1069 5046 1242 5115 deligendam
1294 5042 1395 5095 tribuit
1425 5044 1596 5097 Macrobius.
1635 5046 1787 5098 Praeterea
1818 5048 1853 5098 da

680 5115 771 5167 ducem
801 5132 856 5167 esse
883 5116 949 5167 uim
976 5114 1143 5181 quandam
1173 5129 1241 5164 sen·
1294 5110 1436 5163 sententia
1463 5112 1583 5165 Platonis
1608 5114 1706 5164 oculor
1731 5115 1853 5165 Phoeds.

679 5184 814 5237 tientem
844 5191 943 5250 atque
977 5182 1126 5234 divinam
1160 5195 1243 5248 ossae
1295 5178 1802 5297 p.245.,delegp.llp.894exts.
1826 5189 1855 5232 et

680 5256 753 5300 tcto
771 5253 915 5317 consess
931 5248 1126 5309 mendosits
1154 5246 1243 5299 insl-
1294 5246 1442 5297 Plutarch.
1459 5246 1586 5313 depae.
1605 5248 1677 5314 phil·
1696 5248 1742 5312 lv,
1760 5252 1801 5310 23
1819 5250 1854 5299 de

679 5323 740 5369 tero
764 5316 817 5371 illo
839 5316 940 5369 cicero
967 5314 1243 5381 ostentamenta
1295 5314 1451 5367 Xenocratis
1470 5312 1616 5368 Plstsseh.
1643 5314 1679 5366 sle
1701 5329 1747 5366 sn.
1764 5332 1861 5381 neces.
