5092 6425
840 841 978 909 COMM.
996 842 1042 913 IN
1063 842 1189 914 SOMN.
1211 843 1310 912 SClP.
1353 846 1428 911 LIB.
1450 847 1473 911 Ι.
1517 840 1606 916 GAP.
1627 849 1683 914 XI.
1800 851 1843 917 69

665 1010 814 1095 sphaera,
835 1033 915 1098 quac
934 1008 1080 1098 ἀπλανὴς
1099 1015 1226 1094 dicitur,
1246 1037 1347 1103 usque
1366 1016 1404 1082 ad
1426 1017 1509 1102 globi
1530 1017 1646 1084 lunaris
1668 1019 1890 1104 exordiumpsr]

664 1096 848 1161 mutabilem
872 1120 945 1164 uero
966 1120 982 1164 a
1006 1100 1078 1164 luna
1100 1100 1138 1165 ad
1159 1108 1256 1166 terras
1278 1124 1378 1188 usque
1399 1103 1558 1169 dixerunt:
1598 1111 1630 1169 et
1651 1103 1753 1176 rivere
1775 1108 1839 1170 ani-

664 1203 748 1259 mas,
784 1182 857 1247 dum
880 1184 911 1246 in
934 1185 1107 1250 inmutabili
1129 1194 1215 1272 parte
1236 1189 1421 1266 consistunt,
1458 1189 1676 1267 mensutam,
1710 1192 1839 1256 eumad

663 1275 785 1352 partem
807 1268 974 1335 ceciderint
992 1272 1227 1356 permutationis
1248 1294 1405 1358 capacem,
1428 1282 1521 1359 atque
1543 1274 1612 1339 ideo
1632 1274 1712 1339 inter
1733 1275 1837 1341 lunam

663 1362 826 1439 terrasque
854 1355 957 1420 locum
987 1357 1095 1421 mortis
1122 1366 1154 1422 et
1184 1357 1353 1423 inlerorum
1382 1360 1498 1423 vocari:
1542 1359 1703 1458 ipsamque
1731 1361 1837 1426 lunam

664 1438 746 1504 vitae
766 1459 834 1504 esse
856 1440 1027 1526 mortisque
1047 1441 1230 1519 conlinium,
1271 1450 1304 1509 ct
1322 1443 1440 1508 animas
1460 1443 1531 1509 inde
1552 1466 1585 1508 rn
1605 1453 1718 1509 terram
1738 1445 1836 1510 lluen-
1893 1489 1897 1494 -

664 1533 712 1590 tes
735 1524 824 1602 mori,
846 1525 918 1590 inde
941 1527 978 1591 ad
1001 1548 1112 1612 supera
1130 1535 1269 1592 meantes
1291 1527 1323 1591 in
1343 1530 1436 1594 vitam
1459 1529 1582 1607 reverti,
1602 1551 1659 1595 noc
1682 1530 1838 1610 inmerito,

664 1610 860 1676 aestimatum
888 1619 945 1677 est
1000 1616 1030 1677 Α
1057 1613 1131 1676 luna
1160 1613 1243 1678 enim
1269 1613 1414 1679 deorsum
1439 1621 1548 1679 natura
1576 1615 1684 1700 incipit
1706 1615 1836 1681 caduco·

664 1717 750 1762 rum:
770 1695 810 1760 ab
830 1696 887 1761 hac
904 1696 1024 1763 animae
1045 1697 1103 1762 sub
1126 1719 1291 1764 numerum
1313 1698 1433 1764 dierum
1456 1699 1565 1764 cadere
1585 1708 1617 1765 et
1638 1699 1696 1764 suh
1712 1707 1834 1786 tempus

664 1782 828 1866 incipiunt
876 1783 1019 1867 Denique
1046 1783 1129 1847 illam
1156 1783 1325 1849 aetheriam
1352 1792 1466 1850 terram
1495 1784 1611 1870 physici
1639 1794 1863 1865 vocaverunt't

663 1875 697 1931 ct
718 1866 904 1932 habitatores
923 1867 989 1933 eius
1016 1867 1139 1933 lunares
1166 1869 1297 1953 populos
1319 1879 1550 1956 nuncuparunt:
1591 1868 1675 1957 quod
1701 1870 1743 1935 ita
1766 1892 1834 1936 esse

663 1951 807 2038 plurimis
829 1952 1032 2038 argumentis,
1066 1973 1146 2038 quae
1168 1976 1251 2018 nunc
1273 1954 1399 2040 longum
1421 1968 1469 2020 est
1490 1976 1687 2033 enumerare,
1721 1955 1833 2022 docue-

662 2045 746 2102 runt
793 2037 858 2104 Nec
885 2038 1014 2104 dubium
1040 2046 1105 2114 est,
1142 2039 1219 2124 quin
1247 2039 1312 2124 ipsa
1341 2041 1381 2105 sit
1407 2040 1582 2105 mortalium
1611 2061 1775 2125 corporum
1801 2050 1833 2108 et

664 2131 773 2188 auctor
799 2131 831 2187 et
857 2124 1025 2200 conditrix,
1061 2123 1138 2188 adeo
1160 2133 1196 2189 ut
1220 2124 1369 2190 nonnulla
1390 2146 1519 2210 corpora
1541 2124 1599 2190 sub
1620 2124 1745 2190 luminis
1765 2125 1832 2192 eius

662 2228 788 2272 accessu
813 2209 970 2293 patiantur
993 2217 1157 2293 augmenta
1179 2216 1211 2274 et
1230 2209 1288 2274 bac
1311 2210 1505 2275 decrescente
1527 2210 1716 2275 minuantur.
1761 2210 1832 2289 Sed,

663 2315 704 2358 ne
725 2294 763 2356 de
786 2314 820 2356 re
842 2292 1001 2359 manifesta
1022 2292 1177 2359 fastidium
1201 2294 1319 2380 prolixa
1338 2295 1512 2361 adsertione
1531 2302 1710 2380 generetur,
1735 2295 1773 2359 ad
1795 2316 1831 2360 ea

663 2399 745 2465 quaa
772 2377 810 2443 dc
841 2377 1009 2444 inferorum
1038 2379 1105 2444 loco
1131 2378 1183 2444 alii
1217 2379 1368 2445 definiunt
1399 2391 1599 2447 transeamus.
1651 2379 1860 2451 Maluerunt8

661 2464 746 2530 enim
767 2464 916 2529 mundum
936 2464 988 2528 alii
1005 2465 1037 2528 in
1058 2464 1210 2530 elementa
1229 2473 1279 2530 ter
1295 2476 1444 2551 quaterna
1461 2466 1607 2543 dividere,
1624 2472 1661 2529 ut
1678 2464 1710 2528 in
1731 2465 1831 2551 primo

662 2559 865 2616 numerentur
891 2548 998 2614 ordine
1024 2557 1108 2614 terra
1133 2571 1214 2636 aqua
1241 2571 1295 2616 aer
1322 2552 1415 2637 ignis,
1451 2551 1505 2637 qui
1526 2559 1574 2617 est
1592 2561 1663 2637 ‘pars
1686 2549 1831 2634 liquidior

660 2636 740 2701 acris
763 2635 862 2701 vicina
885 2635 990 2700 lunae:
1031 2656 1125 2720 supra
1147 2635 1222 2701 haec
1248 2657 1371 2702 rursum
1399 2637 1527 2702 totidem
1551 2656 1681 2702 numero
1704 2636 1757 2700 sed
1778 2657 1830 2701 na·

660 2731 748 2787 turae
768 2720 901 2806 purioris
924 2721 1092 2795 elementa,
1127 2728 1163 2786 ut
1183 2721 1224 2787 sit
1249 2721 1322 2787 luna
1342 2743 1399 2809 pro
1417 2731 1515 2801 terra,
1570 2742 1642 2786 uam
1661 2720 1830 2786 aetheriam

660 2816 774 2873 terram
795 2828 813 2870 a
835 2804 968 2903 physicis
990 2805 1124 2871 diximus
1145 2806 1344 2884 nominatam,
1363 2829 1443 2894 aqua
1463 2808 1504 2872 sit
1523 2743 1652 2893 spllraera
1673 2806 1831 2883 Mercurii,

660 2915 713 2960 aer
734 2891 878 2969 Veneris,
899 2891 978 2975 ignis
1000 2890 1032 2954 in
1050 2892 1130 2956 sole:
1157 2891 1267 2956 tertius
1290 2913 1363 2958 vero
1383 2893 1606 2957 elementorum
1630 2889 1706 2955 ordo
1727 2891 1769 2956 ita
1791 2890 1829 2955 ad

661 3001 718 3044 nos
740 2997 906 3043 conversus
927 2976 1092 3054 habeatur,
1125 2984 1161 3041 ut
1181 2984 1295 3042 terram
1316 2977 1455 3042 ultimam
1477 2977 1581 3052 iaciat,
1615 2982 1648 3041 et
1664 2975 1774 3040 ceteris
1795 2975 1828 3040 in

661 3063 797 3130 medium
817 3061 949 3128 redactis
971 3061 1004 3126 in
1025 3068 1123 3127 terras
1141 3060 1261 3128 desinat
1287 3071 1349 3127 tam
1370 3062 1432 3128 ima
1453 3083 1546 3149 quam
1567 3081 1688 3129 surnma
1708 3069 1878 3149 postre-[sa]

1454 3242 1539 3305 [Edd.
1557 3238 1762 3307 vicalrgapdzh.

660 3360 695 3373 -
713 3330 824 3396 aplanes
840 3327 909 3380 blm.
927 3330 956 3378 at
969 3326 1040 3378 Edd.
1062 3354 1096 3365 -
1118 3326 1147 3379 in
1162 3327 1331 3382 immutabili
1347 3324 1571 3379 urens-orum„
1605 3325 1633 3376 in
1649 3324 1771 3376 mutabili
1785 3324 1830 3375 Ru

661 3403 693 3453 vl
715 3398 751 3460 (F
766 3414 826 3463 nup.
844 3395 909 3447 add.
922 3395 982 3454 im).
1014 3396 1175 3447 inmutabili
1193 3395 1227 3446 G.
1262 3396 1421 3448 immutabili
1437 3393 1531 3459 albing.
1566 3392 1733 3443 immitabili
1748 3392 1781 3443 B.
1795 3417 1829 3430 -

660 3468 818 3520 ceciderunt
836 3463 870 3515 G.
893 3490 926 3499 -
944 3463 1219 3529 permutabititatir
1236 3462 1266 3515 li.
1294 3490 1319 3500 -
1344 3463 1481 3529 martique
1497 3460 1569 3511 Bari,
1587 3484 1621 3497 -
1642 3460 1705 3512 inda
1720 3475 1774 3510 om.
1794 3459 1827 3512 B.

663 3563 691 3573 -
713 3536 742 3584 in
762 3541 857 3585 terram
869 3532 985 3597 fluenter
1000 3530 1069 3581 mori
1086 3547 1140 3581 om.
1157 3531 1207 3581 Rl.
1227 3557 1260 3570 —
1282 3532 1320 3582 ad
1337 3546 1461 3598 superna
1479 3528 1551 3581 Bru.
1569 3552 1603 3565 -
1619 3545 1683 3580 non
1700 3527 1829 3580 immerito

659 3601 801 3656 a-bl'llan.
820 3626 855 3638 -
871 3599 1062 3651 eairtimatum
1080 3597 1266 3651 surarum.
1286 3627 1313 3636 -
1329 3599 1376 3650 aab
1393 3598 1477 3667 ipsiu
1492 3596 1622 3663 incipiunt
1638 3612 1665 3646 v.
1799 3600 1826 3647 7.

659 3670 802 3723 aetheriam
820 3665 947 3719 BFlth.
981 3666 1139 3718 aetheream
1154 3666 1381 3719 haereseum.
1402 3694 1433 3704 -
1451 3670 1684 3733 nuncupaverunt
1699 3661 1827 3731 RlLv-g.

658 3742 858 3805 nuncuparent
873 3734 905 3785 B.
921 3761 955 3774 -
971 3734 1123 3813 mortalium
1140 3752 1276 3804 corporum
1291 3736 1326 3788 rit
1342 3734 1373 3785 F.
1392 3748 1579 3852 -lcorporum
1594 3738 1686 3784 auctor
1703 3737 1772 3793 (om.
1787 3737 1827 3849 ll)

659 3802 1530 3936 {tnadsultabant.”tentttttt
1542 3807 1777 3949 niffibffl
1798 3838 1826 3918 οἱ

658 3936 1231 4055 ²¹⁸prlm⁰·l⁰m'13¹1lllsdl¹2'c'113¹¹mmm
1249 3938 1438 4057 (offidollllm)
1450 3937 1521 4054 Brp.
1558 3936 1827 4052 prthnelrpamerentur

656 4008 746 4128 dcciii-a
759 4014 988 4139 llllditttqutrur
1004 4042 1085 4122 Bra:
1098 4013 1261 4124 nqubdiddib
1277 4038 1354 4139 (sup.
1371 4001 1661 4149 adellbdntlltd.§—
1677 4017 1826 4118 aetheblilddl

657 4142 784 4196 Bruto.
818 4140 975 4192 actbcraam
992 4138 1104 4190 Rauda.
1129 4088 1200 4193 tllm.
1217 4168 1243 4177 -
1258 4138 1382 4208 dicimus]
1402 4138 1415 4204 fi
1431 4144 1457 4191 6.
1474 4164 1509 4178 -
1525 4153 1554 4188 rn
1570 4150 1665 4186 anum
1678 4133 1755 4199 (sup.
1768 4148 1823 4185 ma-

691 4304 717 4351 6.
758 4300 895 4366 ipaamque
928 4298 1020 4349 lunam
1053 4298 1125 4352 citae
1159 4314 1214 4351 erae
1263 4296 1370 4350 Lutatii
1387 4291 1565 4349 adnotatione
1582 4290 1618 4344 ad
1633 4287 1718 4342 Statii
1731 4288 1823 4339 Theb.

656 4367 799 4433 mortisque
830 4364 982 4445 confinium]
1004 4365 1089 4445 ‘Hinc
1120 4367 1213 4418 lucam
1264 4366 1308 4430 ll,
1333 4369 1392 4445 ⁵⁸2²
1429 4360 1581 4429 Pbitoaopbi
1602 4359 1695 4411 lunam
1717 4374 1772 4410 essa
1794 4358 1824 4409 in

656 4431 1129 4569 ldil'llllblaldlmlllbllllllxlhvbbbf
1139 4433 1214 4553 Ἢ·
1263 4434 1457 4552 laddbilbctldlldi
1473 4494 1540 4561 cina]
1557 4494 1701 4560 „Recepta
1717 4491 1823 4559 oplnio,

657 4573 722 4625 cersi
746 4568 928 4633 confinium
948 4570 1072 4632 martir,
1108 4577 1133 4621 et
1155 4570 1213 4620 cat·
1262 4568 1359 4619 lunam
1378 4582 1431 4617 nou
1455 4565 1547 4617 minus
1565 4577 1599 4613 ac
1616 4567 1719 4613 terram
1740 4560 1824 4611 babi-

656 4649 715 4693 cata
741 4636 915 4703 Proserpinae
940 4634 1031 4687 limine
1050 4653 1099 4706 per
1125 4637 1215 4687 amnia
1264 4635 1319 4686 tari
1339 4651 1372 4685 ac
1389 4631 1454 4684 coli.
1489 4629 1567 4682 Arati
1583 4627 1736 4713 interpres:
1754 4622 1824 4679 elam

656 4715 745 4760 vectus
760 4706 888 4756 elementa
903 4704 1027 4755 remeavi.
1065 4704 1146 4756 Nocte
1161 4720 1215 4754 mc·
1265 4698 1295 4753 db
1316 4694 1358 4752 ἐπ’
1383 4694 1470 4767 αὐτῆς
1497 4696 1604 4763 οἴκησιν
1628 4695 1713 4761 atina
1737 4710 1823 4746 noea-

657 4777 703 4826 dia
720 4775 777 4825 aidi
798 4772 878 4822 solem
902 4772 1016 4822 candido
1038 4779 1215 4823 coruscantem
1263 4764 1334 4832 μούς
1349 4784 1378 4820 τε
1394 4766 1442 4820 καὶ
1458 4760 1512 4819 ὅσα
1530 4759 1648 4831 inlide-
1681 4761 1822 4813 Videndue

656 4844 768 4895 iumine:
793 4842 855 4891 daos
872 4839 1013 4902 insereret
1031 4838 1216 4905 decemperas
1264 4836 1425 4889 Potitianua
1451 4835 1487 4887 ad
1513 4831 1587 4884 illud
1616 4829 1721 4911 tragici
1746 4827 1822 4909 [Soa.

656 4910 754 4963 accessi
768 4924 855 4959 coram
871 4913 896 4957 et
913 4904 1026 4957 adoraui
1041 4905 1214 4973 deprocimo.
1264 4904 1351 4955 Herc.
1375 4903 1444 4955 Tar.
1470 4918 1496 4953 r.
1517 4900 1571 4967 8³0]
1597 4899 1723 4951 Subtemen
1751 4897 1822 4949 altar

656 4976 777 5028 hobeclr.
795 4973 981 5041 Aglaopham.
1001 4990 1026 5038 p.
1046 4976 1123 5024 1342.
1145 4972 1215 5023 citat
1264 4971 1331 5022 luna
1345 4972 1475 5039 concipiat
1488 4969 1594 5035 seraa.“
1616 4966 1705 5044 Pons.

655 5043 801 5096 Plutarch.
826 5042 860 5090 de
883 5040 938 5090 lac.
960 5041 1044 5093 lanua
1065 5057 1088 5092 c.
1106 5042 1154 5105 28,
1186 5056 1213 5107 p.
1301 5039 1366 5089 Nec.
1384 5039 1492 5090 dubium
1520 5042 1558 5088 eat
1657 5029 1822 5096 minuantur]

656 5116 688 5163 91
722 5120 788 5163 tom.
805 5107 882 5158 lllll.
901 5108 981 5158 Hutt.
1264 5104 1445 5174 conl-,Apuh
1465 5105 1580 5155 Metam.
1600 5100 1655 5164 x1,
1678 5102 1702 5149 1.
1730 5100 1823 5177 Certae

689 5148 715 5228 l.
749 5175 894 5228 aetheriam
911 5173 1019 5239 terram]
1041 5172 1121 5226 Pont.
1141 5172 1214 5226 conl·
1265 5174 1346 5226 etiam
1379 5180 1532 5227 summatem
1568 5170 1646 5221 dcam
1677 5182 1823 5245 praecipua

657 5262 681 5299 c.
700 5248 748 5308 19,
771 5243 785 5311 5
805 5247 846 5295 10.
864 5241 960 5305 ,laem
978 5242 1068 5295 latera
1086 5244 1168 5309 putat
1185 5240 1215 5293 iu
1264 5242 1404 5297 maiestate
1412 5240 1522 5312 pollere,
1596 5236 1657 5304 ipsa
1671 5241 1750 5286 atram
1765 5247 1823 5285 cor·
