<?xml version="1.0" encoding="UTF-8"?>
<!DOCTYPE html PUBLIC "-//W3C//DTD XHTML 1.0 Transitional//EN"
    "http://www.w3.org/TR/xhtml1/DTD/xhtml1-transitional.dtd">
<html xmlns="http://www.w3.org/1999/xhtml" xml:lang="en" lang="en">
 <head>
  <title>
</title>
<meta http-equiv="Content-Type" content="text/html;charset=utf-8" />
  <meta name='ocr-system' content='tesseract 3.04.00' />
  <meta name='ocr-capabilities' content='ocr_page ocr_carea ocr_par ocr_line ocrx_word'/>
</head>
<body>
  <div class='ocr_page' id='page_1' title='image "./operaquaesupers00macrgoog/operaquaesupers00macrgoog_0433.png"; bbox 0 0 5092 6425; ppageno 0'>
   <div class='ocr_carea' id='block_1_1' title="bbox 684 909 1795 990">
    <p class='ocr_par' dir='ltr' id='par_1_1' title="bbox 684 909 1795 990">
     <span class='ocr_line' id='line_1_1' title="bbox 684 909 1795 990; baseline 0.003 -9"><span class='ocrx_word' id='word_1_1' title='bbox 684 915 741 981; x_wconf 85' lang='lat' dir='ltr'><strong>DE</strong></span> <span class='ocrx_word' id='word_1_2' title='bbox 764 913 871 981; x_wconf 87' lang='lat' dir='ltr'><strong>DIFF.</strong></span> <span class='ocrx_word' id='word_1_3' title='bbox 891 912 947 979; x_wconf 83' lang='lat' dir='ltr'><strong>ET</strong></span> <span class='ocrx_word' id='word_1_4' title='bbox 969 909 1057 979; x_wconf 84' lang='lat' dir='ltr'><strong>SOC.</strong></span> <span class='ocrx_word' id='word_1_5' title='bbox 1080 909 1237 978; x_wconf 79' lang='lat' dir='ltr'><strong>GRAECI</strong></span> <span class='ocrx_word' id='word_1_6' title='bbox 1257 911 1389 990; x_wconf 64' lang='lat' dir='ltr'><strong>Luto.</strong></span> <span class='ocrx_word' id='word_1_7' title='bbox 1413 913 1547 979; x_wconf 86' lang='lat' dir='ltr'><strong>VERBI.</strong></span> <span class='ocrx_word' id='word_1_8' title='bbox 1588 916 1690 982; x_wconf 80' lang='lat' dir='ltr'><strong>XXII.</strong></span> <span class='ocrx_word' id='word_1_9' title='bbox 1732 917 1795 984; x_wconf 74' lang='lat'><strong>273</strong></span> 
     </span>
    </p>
   </div>
   <div class='ocr_carea' id='block_1_2' title="bbox 575 1080 1843 3558">
    <p class='ocr_par' dir='ltr' id='par_1_2' title="bbox 624 1080 1843 1532">
     <span class='ocr_line' id='line_1_2' title="bbox 626 1080 1793 1169; baseline 0.002 -20"><span class='ocrx_word' id='word_1_10' title='bbox 626 1101 691 1166; x_wconf 83' lang='grc' dir='ltr'>σοι,</span> <span class='ocrx_word' id='word_1_11' title='bbox 714 1083 905 1168; x_wconf 79' lang='grc' dir='ltr'>διαλέγομαί</span> <span class='ocrx_word' id='word_1_12' title='bbox 926 1097 994 1160; x_wconf 82' lang='grc' dir='ltr'>σοι,</span> <span class='ocrx_word' id='word_1_13' title='bbox 1018 1080 1189 1166; x_wconf 76' lang='grc' dir='ltr'>δωρούμαά</span> <span class='ocrx_word' id='word_1_14' title='bbox 1209 1095 1277 1162; x_wconf 80' lang='grc' dir='ltr'>σοι,</span> <span class='ocrx_word' id='word_1_15' title='bbox 1296 1080 1468 1167; x_wconf 78' lang='grc' dir='ltr'>χαρίζομαλ</span> <span class='ocrx_word' id='word_1_16' title='bbox 1488 1097 1556 1163; x_wconf 82' lang='grc' dir='ltr'>σοι,</span> <span class='ocrx_word' id='word_1_17' title='bbox 1577 1080 1713 1169; x_wconf 85' lang='grc' dir='ltr'>εύχομαλ</span> <span class='ocrx_word' id='word_1_18' title='bbox 1731 1103 1793 1168; x_wconf 83' lang='grc' dir='ltr'>σοι,</span> 
     </span>
     <span class='ocr_line' id='line_1_3' title="bbox 625 1165 1843 1254; baseline 0.007 -20"><span class='ocrx_word' id='word_1_19' title='bbox 625 1167 750 1254; x_wconf 83' lang='grc' dir='ltr'>άγαμαί</span> <span class='ocrx_word' id='word_1_20' title='bbox 778 1187 827 1249; x_wconf 85' lang='grc' dir='ltr'><strong>σε,</strong></span> <span class='ocrx_word' id='word_1_21' title='bbox 865 1165 1099 1251; x_wconf 79' lang='grc' dir='ltr'>περιβλέπομαί</span> <span class='ocrx_word' id='word_1_22' title='bbox 1125 1181 1169 1232; x_wconf 79' lang='grc' dir='ltr'><strong>σε.</strong></span> <span class='ocrx_word' id='word_1_23' title='bbox 1226 1168 1306 1233; x_wconf 86' lang='lat' dir='ltr'>Sunt</span> <span class='ocrx_word' id='word_1_24' title='bbox 1333 1169 1414 1254; x_wconf 89' lang='lat' dir='ltr'><strong>apud</strong></span> <span class='ocrx_word' id='word_1_25' title='bbox 1442 1168 1577 1236; x_wconf 81' lang='lat' dir='ltr'><strong>Graecos</strong></span> <span class='ocrx_word' id='word_1_26' title='bbox 1608 1175 1792 1252; x_wconf 90' lang='lat' dir='ltr'><strong>eommunia,</strong></span> <span class='ocrx_word' id='word_1_27' title='bbox 1822 1179 1843 1242; x_wconf 83' lang='lat'><strong>9</strong></span> 
     </span>
     <span class='ocr_line' id='line_1_4' title="bbox 625 1251 1792 1342; baseline 0.002 -21"><span class='ocrx_word' id='word_1_28' title='bbox 625 1277 705 1342; x_wconf 89' lang='lat' dir='ltr'><strong>quae</strong></span> <span class='ocrx_word' id='word_1_29' title='bbox 727 1258 765 1322; x_wconf 91' lang='lat' dir='ltr'><strong>ab</strong></span> <span class='ocrx_word' id='word_1_30' title='bbox 788 1258 846 1322; x_wconf 89' lang='lat' dir='ltr'><strong>iltis</strong></span> <span class='ocrx_word' id='word_1_31' title='bbox 865 1251 949 1337; x_wconf 81' lang='grc' dir='ltr'>μέσα</span> <span class='ocrx_word' id='word_1_32' title='bbox 970 1261 1132 1329; x_wconf 85' lang='lat' dir='ltr'><strong>vocantur,</strong></span> <span class='ocrx_word' id='word_1_33' title='bbox 1171 1274 1266 1338; x_wconf 89' lang='lat' dir='ltr'><strong>quae,</strong></span> <span class='ocrx_word' id='word_1_34' title='bbox 1300 1254 1374 1318; x_wconf 92' lang='lat' dir='ltr'><strong>dum</strong></span> <span class='ocrx_word' id='word_1_35' title='bbox 1401 1254 1433 1318; x_wconf 92' lang='lat' dir='ltr'><strong>in</strong></span> <span class='ocrx_word' id='word_1_36' title='bbox 1455 1257 1553 1320; x_wconf 87' lang='lat' dir='ltr'><strong>MAI</strong></span> <span class='ocrx_word' id='word_1_37' title='bbox 1572 1256 1727 1334; x_wconf 86' lang='lat' dir='ltr'><strong>desinant,</strong></span> <span class='ocrx_word' id='word_1_38' title='bbox 1761 1267 1792 1323; x_wconf 87' lang='lat' dir='ltr'><strong>et</strong></span> 
     </span>
     <span class='ocr_line' id='line_1_5' title="bbox 624 1337 1793 1426; baseline 0.001 -20"><span class='ocrx_word' id='word_1_39' title='bbox 624 1351 726 1407; x_wconf 85' lang='lat' dir='ltr'><strong>actum</strong></span> <span class='ocrx_word' id='word_1_40' title='bbox 747 1351 778 1406; x_wconf 91' lang='lat' dir='ltr'><strong>et</strong></span> <span class='ocrx_word' id='word_1_41' title='bbox 798 1340 970 1426; x_wconf 83' lang='lat' dir='ltr'><strong>passionem</strong></span> <span class='ocrx_word' id='word_1_42' title='bbox 992 1359 1054 1403; x_wconf 89' lang='lat' dir='ltr'><strong>una</strong></span> <span class='ocrx_word' id='word_1_43' title='bbox 1077 1339 1246 1423; x_wconf 89' lang='lat' dir='ltr'><strong>eademque</strong></span> <span class='ocrx_word' id='word_1_44' title='bbox 1267 1337 1364 1403; x_wconf 81' lang='lat' dir='ltr'><strong>forma</strong></span> <span class='ocrx_word' id='word_1_45' title='bbox 1384 1339 1559 1425; x_wconf 84' lang='lat' dir='ltr'><strong>designant,</strong></span> <span class='ocrx_word' id='word_1_46' title='bbox 1587 1350 1623 1407; x_wconf 94' lang='lat' dir='ltr'><strong>ut</strong></span> <span class='ocrx_word' id='word_1_47' title='bbox 1642 1341 1793 1426; x_wconf 80' lang='grc' dir='ltr'>βιάζομαλ</span> 
     </span>
     <span class='ocr_line' id='line_1_6' title="bbox 625 1419 1791 1532; baseline 0.001 -41"><span class='ocrx_word' id='word_1_48' title='bbox 625 1442 660 1490; x_wconf 86' lang='grc' dir='ltr'><strong>σε</strong></span> <span class='ocrx_word' id='word_1_49' title='bbox 683 1426 740 1491; x_wconf 85' lang='grc' dir='ltr'><strong>καὶ</strong></span> <span class='ocrx_word' id='word_1_50' title='bbox 756 1424 910 1532; x_wconf 65' lang='grc' dir='ltr'>βιάζομαι</span> <span class='ocrx_word' id='word_1_51' title='bbox 934 1419 998 1488; x_wconf 74' lang='lat' dir='ltr'><strong>dud</strong></span> <span class='ocrx_word' id='word_1_52' title='bbox 1023 1425 1098 1503; x_wconf 85' lang='grc' dir='ltr'>σοῦ,</span> <span class='ocrx_word' id='word_1_53' title='bbox 1127 1420 1406 1508; x_wconf 81' lang='grc' dir='ltr'>άνδραποδίζομαί</span> <span class='ocrx_word' id='word_1_54' title='bbox 1428 1438 1462 1488; x_wconf 80' lang='grc' dir='ltr'><strong>σε</strong></span> <span class='ocrx_word' id='word_1_55' title='bbox 1481 1426 1539 1490; x_wconf 79' lang='grc' dir='ltr'><strong>καὶ</strong></span> <span class='ocrx_word' id='word_1_56' title='bbox 1560 1423 1791 1512; x_wconf 80' lang='grc' dir='ltr'>άνδραποδίζο·</span> 
     </span>
    </p>

    <p class='ocr_par' dir='ltr' id='par_1_3' title="bbox 575 1508 1842 3558">
     <span class='ocr_line' id='line_1_7' title="bbox 575 1508 1842 1617; baseline 0 -40"><span class='ocrx_word' id='word_1_57' title='bbox 575 1566 582 1577; x_wconf 85' lang='grc'>.</span> <span class='ocrx_word' id='word_1_58' title='bbox 623 1535 682 1596; x_wconf 89' lang='grc' dir='ltr'><strong>μαι</strong></span> <span class='ocrx_word' id='word_1_59' title='bbox 703 1508 767 1577; x_wconf 90' lang='grc' dir='ltr'><strong>ύπο</strong></span> <span class='ocrx_word' id='word_1_60' title='bbox 793 1513 862 1575; x_wconf 84' lang='grc' dir='ltr'>σοῦ.</span> <span class='ocrx_word' id='word_1_61' title='bbox 906 1509 977 1574; x_wconf 84' lang='lat' dir='ltr'><strong>Solu</strong></span> <span class='ocrx_word' id='word_1_62' title='bbox 1006 1529 1130 1595; x_wconf 89' lang='lat' dir='ltr'><strong>quoque</strong></span> <span class='ocrx_word' id='word_1_63' title='bbox 1153 1509 1277 1617; x_wconf 87' lang='lat' dir='ltr'><strong>passiva</strong></span> <span class='ocrx_word' id='word_1_64' title='bbox 1305 1509 1363 1574; x_wconf 90' lang='lat' dir='ltr'><strong>hoe</strong></span> <span class='ocrx_word' id='word_1_65' title='bbox 1389 1511 1531 1590; x_wconf 88' lang='lat' dir='ltr'><strong>nomine,</strong></span> <span class='ocrx_word' id='word_1_66' title='bbox 1572 1513 1603 1578; x_wconf 92' lang='lat' dir='ltr'><strong>id</strong></span> <span class='ocrx_word' id='word_1_67' title='bbox 1626 1522 1673 1578; x_wconf 92' lang='lat' dir='ltr'><strong>est</strong></span> <span class='ocrx_word' id='word_1_68' title='bbox 1699 1510 1842 1596; x_wconf 82' lang='grc' dir='ltr'>μέσα,10</span> 
     </span>
     <span class='ocr_line' id='line_1_8' title="bbox 622 1588 1791 1679; baseline 0.002 -17"><span class='ocrx_word' id='word_1_69' title='bbox 622 1606 785 1673; x_wconf 83' lang='lat' dir='ltr'><strong>vocantur,</strong></span> <span class='ocrx_word' id='word_1_70' title='bbox 826 1605 863 1661; x_wconf 89' lang='lat' dir='ltr'><strong>ut</strong></span> <span class='ocrx_word' id='word_1_71' title='bbox 889 1591 1071 1678; x_wconf 79' lang='grc' dir='ltr'>ἡλειψάμην</span> <span class='ocrx_word' id='word_1_72' title='bbox 1100 1588 1229 1679; x_wconf 79' lang='grc' dir='ltr'>ἦσαμην</span> <span class='ocrx_word' id='word_1_73' title='bbox 1257 1590 1448 1678; x_wconf 83' lang='grc' dir='ltr'>ἐλουσάμην.</span> <span class='ocrx_word' id='word_1_74' title='bbox 1499 1599 1582 1663; x_wconf 85' lang='lat' dir='ltr'><strong>Haeo</strong></span> <span class='ocrx_word' id='word_1_75' title='bbox 1609 1598 1691 1665; x_wconf 89' lang='lat' dir='ltr'><strong>enim</strong></span> <span class='ocrx_word' id='word_1_76' title='bbox 1721 1600 1791 1664; x_wconf 89' lang='lat' dir='ltr'><strong>ticet</strong></span> 
     </span>
     <span class='ocr_line' id='line_1_9' title="bbox 621 1677 1790 1768; baseline 0.003 -23"><span class='ocrx_word' id='word_1_77' title='bbox 621 1685 677 1766; x_wconf 81' lang='grc' dir='ltr'><strong>τῆς</strong></span> <span class='ocrx_word' id='word_1_78' title='bbox 705 1680 804 1765; x_wconf 82' lang='grc' dir='ltr'><strong><em>μέσης</em></strong></span> <span class='ocrx_word' id='word_1_79' title='bbox 829 1677 1007 1755; x_wconf 78' lang='grc' dir='ltr'><em>διαθέσεως</em></span> <span class='ocrx_word' id='word_1_80' title='bbox 1033 1680 1151 1758; x_wconf 82' lang='lat' dir='ltr'><strong>dicant,</strong></span> <span class='ocrx_word' id='word_1_81' title='bbox 1192 1679 1268 1744; x_wconf 89' lang='lat' dir='ltr'><strong>nihil</strong></span> <span class='ocrx_word' id='word_1_82' title='bbox 1296 1688 1400 1745; x_wconf 89' lang='lat' dir='ltr'><strong>tamen</strong></span> <span class='ocrx_word' id='word_1_83' title='bbox 1426 1680 1509 1746; x_wconf 83' lang='lat' dir='ltr'><strong>atiud</strong></span> <span class='ocrx_word' id='word_1_84' title='bbox 1536 1683 1707 1768; x_wconf 78' lang='lat' dir='ltr'><strong>significant</strong></span> <span class='ocrx_word' id='word_1_85' title='bbox 1731 1686 1790 1749; x_wconf 91' lang='lat' dir='ltr'><strong>nisi</strong></span> 
     </span>
     <span class='ocr_line' id='line_1_10' title="bbox 621 1760 1791 1852; baseline 0 -20"><span class='ocrx_word' id='word_1_86' title='bbox 621 1766 747 1843; x_wconf 74' lang='grc' dir='ltr'>πάδοςι</span> <span class='ocrx_word' id='word_1_87' title='bbox 770 1789 839 1831; x_wconf 88' lang='lat' dir='ltr'><strong>nam</strong></span> <span class='ocrx_word' id='word_1_88' title='bbox 863 1766 922 1830; x_wconf 87' lang='lat' dir='ltr'><strong>hoo</strong></span> <span class='ocrx_word' id='word_1_89' title='bbox 942 1774 989 1830; x_wconf 87' lang='lat' dir='ltr'><strong>est</strong></span> <span class='ocrx_word' id='word_1_90' title='bbox 1008 1760 1192 1849; x_wconf 78' lang='grc' dir='ltr'>ἠλειψάμην</span> <span class='ocrx_word' id='word_1_91' title='bbox 1235 1765 1297 1830; x_wconf 93' lang='lat' dir='ltr'><strong>uod</strong></span> <span class='ocrx_word' id='word_1_92' title='bbox 1318 1761 1499 1850; x_wconf 80' lang='grc' dir='ltr'>η’λείφθην.·</span> <span class='ocrx_word' id='word_1_93' title='bbox 1519 1767 1577 1833; x_wconf 85' lang='lat' dir='ltr'><strong>hoe</strong></span> <span class='ocrx_word' id='word_1_94' title='bbox 1597 1776 1645 1834; x_wconf 87' lang='lat' dir='ltr'><strong>est</strong></span> <span class='ocrx_word' id='word_1_95' title='bbox 1661 1763 1791 1852; x_wconf 82' lang='grc' dir='ltr'>ἦοάμην</span> 
     </span>
     <span class='ocr_line' id='line_1_11' title="bbox 622 1787 1837 1939; baseline 0.002 -21"><span class='ocrx_word' id='word_1_96' title='bbox 622 1854 705 1939; x_wconf 91' lang='lat' dir='ltr'><strong>quod</strong></span> <span class='ocrx_word' id='word_1_97' title='bbox 733 1849 852 1935; x_wconf 70' lang='grc' dir='ltr'>ἥσθην.</span> <span class='ocrx_word' id='word_1_98' title='bbox 895 1851 973 1916; x_wconf 83' lang='lat' dir='ltr'><strong>Item</strong></span> <span class='ocrx_word' id='word_1_99' title='bbox 1001 1848 1192 1934; x_wconf 78' lang='grc' dir='ltr'><strong><em>ἐγραψάμην</em></strong></span> <span class='ocrx_word' id='word_1_100' title='bbox 1213 1787 1344 1935; x_wconf 61' lang='grc' dir='ltr'>άφάμην</span> <span class='ocrx_word' id='word_1_101' title='bbox 1371 1846 1492 1934; x_wconf 80' lang='grc' dir='ltr'>ἐδάμην</span> <span class='ocrx_word' id='word_1_102' title='bbox 1518 1851 1602 1935; x_wconf 87' lang='grc' dir='ltr'><strong>μεόἀ</strong></span> <span class='ocrx_word' id='word_1_103' title='bbox 1627 1855 1837 1939; x_wconf 81' lang='lat' dir='ltr'><strong>appellant,ll</strong></span> 
     </span>
     <span class='ocr_line' id='line_1_12' title="bbox 622 1936 1791 2024; baseline 0.001 -22"><span class='ocrx_word' id='word_1_104' title='bbox 622 1960 692 2003; x_wconf 86' lang='lat' dir='ltr'><strong>cum</strong></span> <span class='ocrx_word' id='word_1_105' title='bbox 720 1937 797 2001; x_wconf 85' lang='lat' dir='ltr'>nihil</span> <span class='ocrx_word' id='word_1_106' title='bbox 825 1937 998 2020; x_wconf 82' lang='lat' dir='ltr'><strong>significent</strong></span> <span class='ocrx_word' id='word_1_107' title='bbox 1021 1944 1143 2021; x_wconf 86' lang='lat' dir='ltr'><strong>praeter</strong></span> <span class='ocrx_word' id='word_1_108' title='bbox 1169 1944 1284 2015; x_wconf 77' lang='lat' dir='ltr'><strong>netum,</strong></span> <span class='ocrx_word' id='word_1_109' title='bbox 1324 1938 1391 2002; x_wconf 85' lang='lat' dir='ltr'><strong>Hoc</strong></span> <span class='ocrx_word' id='word_1_110' title='bbox 1417 1945 1464 2001; x_wconf 90' lang='lat' dir='ltr'><strong>est</strong></span> <span class='ocrx_word' id='word_1_111' title='bbox 1484 1939 1567 2003; x_wconf 91' lang='lat' dir='ltr'><strong>enim</strong></span> <span class='ocrx_word' id='word_1_112' title='bbox 1590 1936 1791 2024; x_wconf 78' lang='grc' dir='ltr'><strong><em>ἐγραψάμην,</em></strong></span> 
     </span>
     <span class='ocr_line' id='line_1_13' title="bbox 598 2014 1791 2108; baseline -0.001 -18"><span class='ocrx_word' id='word_1_113' title='bbox 598 2023 705 2108; x_wconf 86' lang='lat' dir='ltr'><strong>quod</strong></span> <span class='ocrx_word' id='word_1_114' title='bbox 727 2019 867 2106; x_wconf 74' lang='grc' dir='ltr'>ἔγραψα,</span> <span class='ocrx_word' id='word_1_115' title='bbox 890 2043 945 2087; x_wconf 86' lang='lat' dir='ltr'><strong>neo</strong></span> <span class='ocrx_word' id='word_1_116' title='bbox 966 2042 1114 2106; x_wconf 88' lang='lat' dir='ltr'><strong>umquam</strong></span> <span class='ocrx_word' id='word_1_117' title='bbox 1135 2021 1247 2086; x_wconf 87' lang='lat' dir='ltr'><strong>dieitur</strong></span> <span class='ocrx_word' id='word_1_118' title='bbox 1267 2014 1332 2084; x_wconf 81' lang='grc' dir='ltr'><strong>ὑπὸ</strong></span> <span class='ocrx_word' id='word_1_119' title='bbox 1356 2025 1417 2086; x_wconf 87' lang='grc' dir='ltr'><strong>σοῦ</strong></span> <span class='ocrx_word' id='word_1_120' title='bbox 1439 2019 1649 2106; x_wconf 69' lang='grc' dir='ltr'>ἐγραψάμηνε</span> <span class='ocrx_word' id='word_1_121' title='bbox 1679 2034 1711 2089; x_wconf 91' lang='lat' dir='ltr'><strong>et</strong></span> <span class='ocrx_word' id='word_1_122' title='bbox 1733 2025 1791 2089; x_wconf 85' lang='lat' dir='ltr'><strong>hoe</strong></span> 
     </span>
     <span class='ocr_line' id='line_1_14' title="bbox 623 2103 1841 2216; baseline 0.002 -44"><span class='ocrx_word' id='word_1_123' title='bbox 623 2105 754 2192; x_wconf 80' lang='grc' dir='ltr'>ἐφάμην</span> <span class='ocrx_word' id='word_1_124' title='bbox 775 2107 857 2192; x_wconf 90' lang='lat' dir='ltr'><strong>quod</strong></span> <span class='ocrx_word' id='word_1_125' title='bbox 881 2103 984 2190; x_wconf 73' lang='grc' dir='ltr'>ἔφηνε</span> <span class='ocrx_word' id='word_1_126' title='bbox 1025 2106 1083 2171; x_wconf 89' lang='lat' dir='ltr'><strong>hoc</strong></span> <span class='ocrx_word' id='word_1_127' title='bbox 1105 2114 1152 2171; x_wconf 89' lang='lat' dir='ltr'><strong>est</strong></span> <span class='ocrx_word' id='word_1_128' title='bbox 1173 2103 1292 2191; x_wconf 80' lang='grc' dir='ltr'>ἐδάμην</span> <span class='ocrx_word' id='word_1_129' title='bbox 1314 2107 1397 2192; x_wconf 93' lang='lat' dir='ltr'><strong>quod</strong></span> <span class='ocrx_word' id='word_1_130' title='bbox 1420 2105 1512 2174; x_wconf 77' lang='grc' dir='ltr'>ἔδων.</span> <span class='ocrx_word' id='word_1_131' title='bbox 1574 2110 1659 2216; x_wconf 62' lang='lat' dir='ltr'><strong>Eupo</strong></span> <span class='ocrx_word' id='word_1_132' title='bbox 1686 2117 1717 2174; x_wconf 88' lang='lat' dir='ltr'><strong>et</strong></span> <span class='ocrx_word' id='word_1_133' title='bbox 1739 2111 1788 2174; x_wconf 88' lang='lat' dir='ltr'><strong>iita</strong></span> <span class='ocrx_word' id='word_1_134' title='bbox 1802 2112 1841 2175; x_wconf 77' lang='lat'><strong>12</strong></span> 
     </span>
     <span class='ocr_line' id='line_1_15' title="bbox 622 2188 1790 2280; baseline 0.001 -22"><span class='ocrx_word' id='word_1_135' title='bbox 622 2214 701 2280; x_wconf 90' lang='lat' dir='ltr'><strong>quae</strong></span> <span class='ocrx_word' id='word_1_136' title='bbox 724 2193 866 2278; x_wconf 82' lang='lat' dir='ltr'><strong>superius</strong></span> <span class='ocrx_word' id='word_1_137' title='bbox 888 2192 1040 2267; x_wconf 81' lang='lat' dir='ltr'><strong>diximus,</strong></span> <span class='ocrx_word' id='word_1_138' title='bbox 1079 2191 1233 2275; x_wconf 80' lang='grc' dir='ltr'>φείδομαλ</span> <span class='ocrx_word' id='word_1_139' title='bbox 1253 2206 1332 2270; x_wconf 85' lang='grc' dir='ltr'>σου,</span> <span class='ocrx_word' id='word_1_140' title='bbox 1354 2188 1495 2275; x_wconf 77' lang='grc' dir='ltr'>κήδομαί</span> <span class='ocrx_word' id='word_1_141' title='bbox 1515 2206 1590 2272; x_wconf 83' lang='grc' dir='ltr'>σου,</span> <span class='ocrx_word' id='word_1_142' title='bbox 1615 2190 1790 2277; x_wconf 78' lang='grc' dir='ltr'>ιππάζομαι</span> 
     </span>
     <span class='ocr_line' id='line_1_16' title="bbox 622 2272 1792 2386; baseline 0.002 -44"><span class='ocrx_word' id='word_1_143' title='bbox 622 2276 765 2386; x_wconf 75' lang='grc' dir='ltr'>μάχομαι</span> <span class='ocrx_word' id='word_1_144' title='bbox 787 2272 978 2360; x_wconf 79' lang='grc' dir='ltr'>διαλέγομαι</span> <span class='ocrx_word' id='word_1_145' title='bbox 1009 2273 1241 2374; x_wconf 79' lang='grc' dir='ltr'>περιβλέπομαι</span> <span class='ocrx_word' id='word_1_146' title='bbox 1263 2277 1433 2382; x_wconf 75' lang='grc' dir='ltr'>δωροῦμαι</span> <span class='ocrx_word' id='word_1_147' title='bbox 1460 2278 1630 2362; x_wconf 77' lang='grc' dir='ltr'>χαρίζομαι</span> <span class='ocrx_word' id='word_1_148' title='bbox 1656 2275 1792 2363; x_wconf 77' lang='grc' dir='ltr'>εὔχομαι</span> 
     </span>
     <span class='ocr_line' id='line_1_17' title="bbox 621 2361 1793 2534; baseline 0 -20"><span class='ocrx_word' id='word_1_149' title='bbox 621 2387 765 2515; x_wconf 64' lang='lat' dir='ltr'><strong>tetus</strong></span> <span class='ocrx_word' id='word_1_150' title='bbox 792 2363 1116 2513; x_wconf 69' lang='lat' dir='ltr'><strong>tttttttttt</strong></span> <span class='ocrx_word' id='word_1_151' title='bbox 1138 2361 1793 2534; x_wconf 58' lang='lat' dir='ltr'><strong>{tttttt’uttettttttttttt:</strong></span> 
     </span>
     <span class='ocr_line' id='line_1_18' title="bbox 619 2533 1841 2619; baseline 0.002 -19"><span class='ocrx_word' id='word_1_152' title='bbox 619 2537 677 2601; x_wconf 85' lang='lat' dir='ltr'><strong>Est</strong></span> <span class='ocrx_word' id='word_1_153' title='bbox 701 2534 827 2600; x_wconf 87' lang='lat' dir='ltr'><strong>ethaeo</strong></span> <span class='ocrx_word' id='word_1_154' title='bbox 850 2534 1039 2599; x_wconf 82' lang='lat' dir='ltr'><strong>Graecorum</strong></span> <span class='ocrx_word' id='word_1_155' title='bbox 1063 2554 1080 2597; x_wconf 90' lang='lat' dir='ltr'><strong>a</strong></span> <span class='ocrx_word' id='word_1_156' title='bbox 1102 2533 1267 2597; x_wconf 82' lang='lat' dir='ltr'><strong>Latinitate</strong></span> <span class='ocrx_word' id='word_1_157' title='bbox 1289 2533 1452 2609; x_wconf 84' lang='lat' dir='ltr'><strong>dissensio,</strong></span> <span class='ocrx_word' id='word_1_158' title='bbox 1471 2535 1570 2619; x_wconf 92' lang='lat' dir='ltr'><strong>quod,</strong></span> <span class='ocrx_word' id='word_1_159' title='bbox 1597 2557 1667 2601; x_wconf 87' lang='lat' dir='ltr'><strong>eum</strong></span> <span class='ocrx_word' id='word_1_160' title='bbox 1689 2537 1841 2603; x_wconf 86' lang='lat' dir='ltr'><strong>Latini13</strong></span> 
     </span>
     <span class='ocr_line' id='line_1_19' title="bbox 620 2618 1792 2707; baseline 0.001 -22"><span class='ocrx_word' id='word_1_161' title='bbox 620 2641 789 2706; x_wconf 88' lang='lat' dir='ltr'><strong>numquam</strong></span> <span class='ocrx_word' id='word_1_162' title='bbox 810 2620 937 2685; x_wconf 83' lang='lat' dir='ltr'><strong>verbum</strong></span> <span class='ocrx_word' id='word_1_163' title='bbox 960 2640 1124 2683; x_wconf 80' lang='lat' dir='ltr'><strong>commune</strong></span> <span class='ocrx_word' id='word_1_164' title='bbox 1149 2618 1266 2696; x_wconf 88' lang='lat' dir='ltr'><strong>dicant,</strong></span> <span class='ocrx_word' id='word_1_165' title='bbox 1295 2619 1353 2683; x_wconf 91' lang='lat' dir='ltr'><strong>nisi</strong></span> <span class='ocrx_word' id='word_1_166' title='bbox 1374 2619 1456 2704; x_wconf 93' lang='lat' dir='ltr'><strong>quod</strong></span> <span class='ocrx_word' id='word_1_167' title='bbox 1480 2620 1521 2684; x_wconf 91' lang='lat' dir='ltr'><strong>sit</strong></span> <span class='ocrx_word' id='word_1_168' title='bbox 1540 2621 1640 2686; x_wconf 88' lang='lat' dir='ltr'><strong>simite</strong></span> <span class='ocrx_word' id='word_1_169' title='bbox 1661 2622 1792 2707; x_wconf 69' lang='lat' dir='ltr'><strong>passivo,</strong></span> 
     </span>
     <span class='ocr_line' id='line_1_20' title="bbox 620 2700 1792 2790; baseline -0.001 -19"><span class='ocrx_word' id='word_1_170' title='bbox 620 2707 729 2772; x_wconf 85' lang='lat' dir='ltr'><strong>Graeci</strong></span> <span class='ocrx_word' id='word_1_171' title='bbox 752 2714 855 2771; x_wconf 89' lang='lat' dir='ltr'><strong>tamen</strong></span> <span class='ocrx_word' id='word_1_172' title='bbox 880 2705 1028 2790; x_wconf 87' lang='lat' dir='ltr'><strong>quaedam</strong></span> <span class='ocrx_word' id='word_1_173' title='bbox 1058 2713 1090 2769; x_wconf 90' lang='lat' dir='ltr'><strong>et</strong></span> <span class='ocrx_word' id='word_1_174' title='bbox 1110 2704 1216 2769; x_wconf 79' lang='lat' dir='ltr'><strong>activis</strong></span> <span class='ocrx_word' id='word_1_175' title='bbox 1243 2704 1353 2769; x_wconf 83' lang='lat' dir='ltr'><strong>similia</strong></span> <span class='ocrx_word' id='word_1_176' title='bbox 1376 2700 1458 2786; x_wconf 81' lang='grc' dir='ltr'><strong>μεόα</strong></span> <span class='ocrx_word' id='word_1_177' title='bbox 1478 2705 1638 2785; x_wconf 81' lang='lat' dir='ltr'><strong>dixerunt,</strong></span> <span class='ocrx_word' id='word_1_178' title='bbox 1680 2718 1716 2772; x_wconf 87' lang='lat' dir='ltr'><strong>ut</strong></span> <span class='ocrx_word' id='word_1_179' title='bbox 1736 2703 1792 2770; x_wconf 83' lang='grc' dir='ltr'><strong>πέ-</strong></span> 
     </span>
     <span class='ocr_line' id='line_1_21' title="bbox 619 2787 1793 2878; baseline 0.002 -24"><span class='ocrx_word' id='word_1_180' title='bbox 619 2811 720 2874; x_wconf 90' lang='grc' dir='ltr'>πηγα,</span> <span class='ocrx_word' id='word_1_181' title='bbox 760 2792 841 2877; x_wconf 91' lang='lat' dir='ltr'><strong>quod</strong></span> <span class='ocrx_word' id='word_1_182' title='bbox 868 2787 969 2873; x_wconf 81' lang='grc' dir='ltr'>μέσον</span> <span class='ocrx_word' id='word_1_183' title='bbox 997 2791 1110 2855; x_wconf 86' lang='lat' dir='ltr'><strong>dieitur</strong></span> <span class='ocrx_word' id='word_1_184' title='bbox 1133 2798 1165 2855; x_wconf 89' lang='lat' dir='ltr'><strong>et</strong></span> <span class='ocrx_word' id='word_1_185' title='bbox 1194 2790 1251 2854; x_wconf 92' lang='lat' dir='ltr'><strong>sub</strong></span> <span class='ocrx_word' id='word_1_186' title='bbox 1280 2791 1380 2854; x_wconf 86' lang='lat' dir='ltr'><strong>activo</strong></span> <span class='ocrx_word' id='word_1_187' title='bbox 1413 2811 1490 2855; x_wconf 93' lang='lat' dir='ltr'><strong>sono</strong></span> <span class='ocrx_word' id='word_1_188' title='bbox 1516 2792 1613 2856; x_wconf 85' lang='lat' dir='ltr'><strong>sotum</strong></span> <span class='ocrx_word' id='word_1_189' title='bbox 1642 2792 1793 2878; x_wconf 80' lang='lat' dir='ltr'><strong>signifieat</strong></span> 
     </span>
     <span class='ocr_line' id='line_1_22' title="bbox 620 2871 1841 2986; baseline 0.002 -46"><span class='ocrx_word' id='word_1_190' title='bbox 620 2878 810 2961; x_wconf 88' lang='lat' dir='ltr'><strong>passionem:</strong></span> <span class='ocrx_word' id='word_1_191' title='bbox 854 2876 913 2940; x_wconf 88' lang='lat' dir='ltr'><strong>hoe</strong></span> <span class='ocrx_word' id='word_1_192' title='bbox 942 2884 990 2941; x_wconf 89' lang='lat' dir='ltr'><strong>est</strong></span> <span class='ocrx_word' id='word_1_193' title='bbox 1016 2877 1098 2941; x_wconf 92' lang='lat' dir='ltr'><strong>enim</strong></span> <span class='ocrx_word' id='word_1_194' title='bbox 1127 2871 1256 2959; x_wconf 80' lang='grc' dir='ltr'>πέπηγα</span> <span class='ocrx_word' id='word_1_195' title='bbox 1283 2875 1366 2961; x_wconf 91' lang='lat' dir='ltr'><strong>quod</strong></span> <span class='ocrx_word' id='word_1_196' title='bbox 1395 2872 1568 2982; x_wconf 83' lang='grc' dir='ltr'>πέπηγμαι.</span> <span class='ocrx_word' id='word_1_197' title='bbox 1613 2874 1841 2986; x_wconf 63' lang='grc' dir='ltr'>Πέπληγαιοεε]</span> 
     </span>
     <span class='ocr_line' id='line_1_23' title="bbox 620 2948 1791 3047; baseline -0.004 -22"><span class='ocrx_word' id='word_1_198' title='bbox 620 2982 708 3037; x_wconf 87' lang='lat' dir='ltr'><strong>vero,</strong></span> <span class='ocrx_word' id='word_1_199' title='bbox 742 2956 798 3044; x_wconf 78' lang='grc' dir='ltr'><strong>ἀφ’</strong></span> <span class='ocrx_word' id='word_1_200' title='bbox 823 2948 863 3024; x_wconf 80' lang='grc' dir='ltr'><strong>οὗ</strong></span> <span class='ocrx_word' id='word_1_201' title='bbox 885 2955 922 3024; x_wconf 82' lang='grc' dir='ltr'><strong>τὸ</strong></span> <span class='ocrx_word' id='word_1_202' title='bbox 944 2955 1121 3043; x_wconf 80' lang='grc' dir='ltr'>Πεπληγώς</span> <span class='ocrx_word' id='word_1_203' title='bbox 1142 2958 1324 3045; x_wconf 76' lang='grc' dir='ltr'>ἀγορῆθεν,</span> <span class='ocrx_word' id='word_1_204' title='bbox 1362 2958 1419 3023; x_wconf 81' lang='grc' dir='ltr'><strong>καὶ</strong></span> <span class='ocrx_word' id='word_1_205' title='bbox 1440 2984 1578 3041; x_wconf 83' lang='grc' dir='ltr'>κεκοπα,</span> <span class='ocrx_word' id='word_1_206' title='bbox 1613 2948 1671 3047; x_wconf 70' lang='lat' dir='ltr'><strong>oiqi&#39;</strong></span> <span class='ocrx_word' id='word_1_207' title='bbox 1693 2986 1734 3027; x_wconf 94' lang='grc' dir='ltr'><strong>ον</strong></span> <span class='ocrx_word' id='word_1_208' title='bbox 1753 2952 1791 3025; x_wconf 85' lang='grc' dir='ltr'><strong>τὸ</strong></span> 
     </span>
     <span class='ocr_line' id='line_1_24' title="bbox 619 3040 1791 3130; baseline 0.001 -22"><span class='ocrx_word' id='word_1_209' title='bbox 619 3041 806 3129; x_wconf 81' lang='grc' dir='ltr'>Ἀμφοτὲρω</span> <span class='ocrx_word' id='word_1_210' title='bbox 834 3040 993 3123; x_wconf 74' lang='grc' dir='ltr'>κεκοπὼς,</span> <span class='ocrx_word' id='word_1_211' title='bbox 1032 3054 1095 3109; x_wconf 89' lang='lat' dir='ltr'><strong>tam</strong></span> <span class='ocrx_word' id='word_1_212' title='bbox 1125 3045 1162 3108; x_wconf 92' lang='lat' dir='ltr'><strong>de</strong></span> <span class='ocrx_word' id='word_1_213' title='bbox 1191 3053 1261 3109; x_wconf 85' lang='lat' dir='ltr'><strong>netu</strong></span> <span class='ocrx_word' id='word_1_214' title='bbox 1291 3065 1382 3130; x_wconf 85' lang='lat' dir='ltr'><strong>quam</strong></span> <span class='ocrx_word' id='word_1_215' title='bbox 1406 3044 1445 3108; x_wconf 91' lang='lat' dir='ltr'><strong>de</strong></span> <span class='ocrx_word' id='word_1_216' title='bbox 1466 3047 1608 3130; x_wconf 85' lang='lat' dir='ltr'><strong>passione</strong></span> <span class='ocrx_word' id='word_1_217' title='bbox 1638 3047 1791 3112; x_wconf 84' lang='lat' dir='ltr'><strong>dicuntur.</strong></span> 
     </span>
     <span class='ocr_line' id='line_1_25' title="bbox 619 3123 1791 3215; baseline -0.001 -20"><span class='ocrx_word' id='word_1_218' title='bbox 619 3133 747 3196; x_wconf 85' lang='lat' dir='ltr'><strong>Lectum</strong></span> <span class='ocrx_word' id='word_1_219' title='bbox 768 3137 814 3193; x_wconf 92' lang='lat' dir='ltr'><strong>est</strong></span> <span class='ocrx_word' id='word_1_220' title='bbox 834 3130 916 3193; x_wconf 88' lang='lat' dir='ltr'><strong>enim</strong></span> <span class='ocrx_word' id='word_1_221' title='bbox 939 3137 971 3192; x_wconf 85' lang='lat' dir='ltr'><strong>et</strong></span> <span class='ocrx_word' id='word_1_222' title='bbox 991 3125 1159 3211; x_wconf 83' lang='grc' dir='ltr'>πεπληγώς</span> <span class='ocrx_word' id='word_1_223' title='bbox 1182 3144 1226 3206; x_wconf 83' lang='grc' dir='ltr'><strong>σε,</strong></span> <span class='ocrx_word' id='word_1_224' title='bbox 1248 3136 1280 3192; x_wconf 84' lang='lat' dir='ltr'><strong>et</strong></span> <span class='ocrx_word' id='word_1_225' title='bbox 1294 3124 1468 3209; x_wconf 76' lang='grc' dir='ltr'>’πεπληγὼς</span> <span class='ocrx_word' id='word_1_226' title='bbox 1486 3123 1550 3193; x_wconf 81' lang='grc' dir='ltr'><strong>ὑπὸ</strong></span> <span class='ocrx_word' id='word_1_227' title='bbox 1572 3131 1642 3208; x_wconf 84' lang='grc' dir='ltr'>σού,</span> <span class='ocrx_word' id='word_1_228' title='bbox 1664 3136 1791 3215; x_wconf 88' lang='grc' dir='ltr'>Πεπλη-</span> 
     </span>
     <span class='ocr_line' id='line_1_26' title="bbox 620 3207 1842 3300; baseline 0 -20"><span class='ocrx_word' id='word_1_229' title='bbox 620 3212 685 3300; x_wconf 69' lang='grc' dir='ltr'>γοδς</span> <span class='ocrx_word' id='word_1_230' title='bbox 708 3211 886 3299; x_wconf 70' lang='grc' dir='ltr'>ἀγορῆθεν,</span> <span class='ocrx_word' id='word_1_231' title='bbox 925 3212 982 3277; x_wconf 83' lang='grc' dir='ltr'><strong>καὶ</strong></span> <span class='ocrx_word' id='word_1_232' title='bbox 1001 3207 1126 3295; x_wconf 85' lang='grc' dir='ltr'>Ῥάβδω</span> <span class='ocrx_word' id='word_1_233' title='bbox 1152 3218 1343 3296; x_wconf 82' lang='grc' dir='ltr'>πεπληγυῖα.</span> <span class='ocrx_word' id='word_1_234' title='bbox 1388 3214 1535 3279; x_wconf 82' lang='lat' dir='ltr'><strong>Similiter</strong></span> <span class='ocrx_word' id='word_1_235' title='bbox 1562 3217 1644 3300; x_wconf 83' lang='lat' dir='ltr'><strong>apud</strong></span> <span class='ocrx_word' id='word_1_236' title='bbox 1665 3217 1791 3281; x_wconf 88' lang='lat' dir='ltr'><strong>Latinos</strong></span> <span class='ocrx_word' id='word_1_237' title='bbox 1804 3219 1842 3280; x_wconf 81' lang='lat'><strong>14</strong></span> 
     </span>
     <span class='ocr_line' id='line_1_27' title="bbox 620 3277 1791 3388; baseline -0.002 -21"><span class='ocrx_word' id='word_1_238' title='bbox 620 3302 768 3388; x_wconf 88' lang='lat' dir='ltr'><strong>quaedam</strong></span> <span class='ocrx_word' id='word_1_239' title='bbox 794 3300 885 3365; x_wconf 93' lang='lat' dir='ltr'><strong>modo</strong></span> <span class='ocrx_word' id='word_1_240' title='bbox 907 3308 1017 3364; x_wconf 81' lang='lat' dir='ltr'><strong>neutra</strong></span> <span class='ocrx_word' id='word_1_241' title='bbox 1044 3277 1135 3364; x_wconf 86' lang='lat' dir='ltr'><strong>modo</strong></span> <span class='ocrx_word' id='word_1_242' title='bbox 1157 3299 1236 3364; x_wconf 84' lang='lat' dir='ltr'><strong>fiunt</strong></span> <span class='ocrx_word' id='word_1_243' title='bbox 1258 3298 1460 3383; x_wconf 88' lang='lat' dir='ltr'><strong>deponentia,</strong></span> <span class='ocrx_word' id='word_1_244' title='bbox 1479 3309 1516 3365; x_wconf 92' lang='lat' dir='ltr'><strong>ut</strong></span> <span class='ocrx_word' id='word_1_245' title='bbox 1536 3302 1602 3364; x_wconf 83' lang='lat' dir='ltr'><strong>luto</strong></span> <span class='ocrx_word' id='word_1_246' title='bbox 1622 3301 1722 3377; x_wconf 84' lang='lat' dir='ltr'><strong>labor,</strong></span> <span class='ocrx_word' id='word_1_247' title='bbox 1741 3304 1791 3387; x_wconf 73' lang='lat' dir='ltr'><strong>so-</strong></span> 
     </span>
     <span class='ocr_line' id='line_1_28' title="bbox 619 3383 1791 3472; baseline -0.001 -20"><span class='ocrx_word' id='word_1_248' title='bbox 619 3390 720 3453; x_wconf 81' lang='grc' dir='ltr'>δνιίον</span> <span class='ocrx_word' id='word_1_249' title='bbox 739 3387 871 3471; x_wconf 75' lang='lat' dir='ltr'><strong>fabrico,</strong></span> <span class='ocrx_word' id='word_1_250' title='bbox 893 3397 977 3449; x_wconf 84' lang='grc' dir='ltr'>νααο</span> <span class='ocrx_word' id='word_1_251' title='bbox 998 3393 1172 3449; x_wconf 77' lang='lat' dir='ltr'><strong>structor:</strong></span> <span class='ocrx_word' id='word_1_252' title='bbox 1198 3383 1281 3469; x_wconf 93' lang='lat' dir='ltr'><strong>quod</strong></span> <span class='ocrx_word' id='word_1_253' title='bbox 1307 3383 1399 3448; x_wconf 89' lang='lat' dir='ltr'><strong>etiam</strong></span> <span class='ocrx_word' id='word_1_254' title='bbox 1423 3383 1532 3449; x_wconf 82' lang='lat' dir='ltr'><strong>Graeci</strong></span> <span class='ocrx_word' id='word_1_255' title='bbox 1555 3406 1618 3450; x_wconf 91' lang='lat' dir='ltr'><strong>non</strong></span> <span class='ocrx_word' id='word_1_256' title='bbox 1640 3385 1791 3472; x_wconf 81' lang='lat' dir='ltr'><strong>ignorant,</strong></span> 
     </span>
     <span class='ocr_line' id='line_1_29' title="bbox 619 3463 1418 3558; baseline -0.009 -21"><span class='ocrx_word' id='word_1_257' title='bbox 619 3468 817 3558; x_wconf 83' lang='grc' dir='ltr'>βουλεύομαι</span> <span class='ocrx_word' id='word_1_258' title='bbox 837 3465 998 3554; x_wconf 84' lang='grc' dir='ltr'>βουλεύω,</span> <span class='ocrx_word' id='word_1_259' title='bbox 1023 3464 1233 3552; x_wconf 83' lang='grc' dir='ltr'>πολιτεύομαι</span> <span class='ocrx_word' id='word_1_260' title='bbox 1252 3463 1418 3533; x_wconf 77' lang='grc' dir='ltr'>πολιτεύει.</span> 
     </span>
    </p>
   </div>
   <div class='ocr_carea' id='block_1_3' title="bbox 1538 3624 1723 3693">
    <p class='ocr_par' dir='ltr' id='par_1_4' title="bbox 1538 3624 1723 3693">
     <span class='ocr_line' id='line_1_30' title="bbox 1538 3624 1723 3693; baseline -0.011 -16"><span class='ocrx_word' id='word_1_261' title='bbox 1538 3624 1622 3687; x_wconf 79' lang='lat' dir='ltr'><strong>[Edd.</strong></span> <span class='ocrx_word' id='word_1_262' title='bbox 1640 3624 1723 3693; x_wconf 81' lang='lat' dir='ltr'><strong>pdzb.</strong></span> 
     </span>
    </p>
   </div>
   <div class='ocr_carea' id='block_1_4' title="bbox 618 3705 1796 4318">
    <p class='ocr_par' dir='ltr' id='par_1_5' title="bbox 618 3705 1796 4318">
     <span class='ocr_line' id='line_1_31' title="bbox 620 3705 1792 3776; baseline -0.003 -13"><span class='ocrx_word' id='word_1_263' title='bbox 620 3712 651 3763; x_wconf 93' lang='lat' dir='ltr'><strong>P.</strong></span> <span class='ocrx_word' id='word_1_264' title='bbox 687 3707 866 3776; x_wconf 77' lang='grc' dir='ltr'>ἱππαίζομαί</span> <span class='ocrx_word' id='word_1_265' title='bbox 882 3722 942 3761; x_wconf 86' lang='grc' dir='ltr'><strong>σον</strong></span> <span class='ocrx_word' id='word_1_266' title='bbox 960 3710 1002 3761; x_wconf 78' lang='lat' dir='ltr'><strong>ab.</strong></span> <span class='ocrx_word' id='word_1_267' title='bbox 1038 3708 1170 3760; x_wconf 77' lang='grc' dir='ltr'>1“ῐδ.οο1.</span> <span class='ocrx_word' id='word_1_268' title='bbox 1196 3736 1221 3743; x_wconf 97' lang='lat'>-</span> <span class='ocrx_word' id='word_1_269' title='bbox 1241 3705 1487 3759; x_wconf 84' lang='grc' dir='ltr'><em>ΔΙΑΛΕΓΟΜΑΙ</em></span> <span class='ocrx_word' id='word_1_270' title='bbox 1498 3708 1625 3761; x_wconf 83' lang='lat' dir='ltr'><strong><em>COYP.</em></strong></span> <span class='ocrx_word' id='word_1_271' title='bbox 1646 3736 1674 3748; x_wconf 89' lang='lat'><em>-</em></span> <span class='ocrx_word' id='word_1_272' title='bbox 1695 3710 1792 3761; x_wconf 82' lang='grc' dir='ltr'><em>ΚΑΡ-</em></span> 
     </span>
     <span class='ocr_line' id='line_1_32' title="bbox 622 3774 1792 3846; baseline -0.004 -16"><span class='ocrx_word' id='word_1_273' title='bbox 622 3778 748 3830; x_wconf 85' lang='grc' dir='ltr'><em>ΖΟΜΑΙ</em></span> <span class='ocrx_word' id='word_1_274' title='bbox 766 3776 797 3827; x_wconf 91' lang='lat' dir='ltr'><strong>P.</strong></span> <span class='ocrx_word' id='word_1_275' title='bbox 848 3806 853 3816; x_wconf 90' lang='lat'><strong>·</strong></span> <span class='ocrx_word' id='word_1_276' title='bbox 954 3782 994 3828; x_wconf 88' lang='grc'><strong>10.</strong></span> <span class='ocrx_word' id='word_1_277' title='bbox 1038 3774 1278 3829; x_wconf 82' lang='grc' dir='ltr'><em>ΗΛΕΨΑΜΗΝ</em></span> <span class='ocrx_word' id='word_1_278' title='bbox 1299 3775 1328 3824; x_wconf 86' lang='grc' dir='ltr'><strong>Ρ.</strong></span> <span class='ocrx_word' id='word_1_279' title='bbox 1484 3779 1526 3827; x_wconf 89' lang='grc'><strong>11.</strong></span> <span class='ocrx_word' id='word_1_280' title='bbox 1565 3778 1737 3846; x_wconf 72' lang='lat' dir='ltr'><strong>significant</strong></span> <span class='ocrx_word' id='word_1_281' title='bbox 1759 3777 1792 3826; x_wconf 82' lang='grc' dir='ltr'><strong>Ρ.</strong></span> 
     </span>
     <span class='ocr_line' id='line_1_33' title="bbox 620 3838 1792 3911; baseline -0.002 -16"><span class='ocrx_word' id='word_1_282' title='bbox 620 3847 677 3907; x_wconf 79' lang='lat' dir='ltr'><strong>(Cf.</strong></span> <span class='ocrx_word' id='word_1_283' title='bbox 696 3847 708 3909; x_wconf 73' lang='grc' dir='ltr'>δ</span> <span class='ocrx_word' id='word_1_284' title='bbox 729 3848 783 3903; x_wconf 77' lang='grc'>12.)</span> <span class='ocrx_word' id='word_1_285' title='bbox 802 3872 835 3881; x_wconf 93' lang='grc'>-</span> <span class='ocrx_word' id='word_1_286' title='bbox 860 3838 926 3895; x_wconf 70' lang='lat' dir='ltr'><strong>dud</strong></span> <span class='ocrx_word' id='word_1_287' title='bbox 943 3859 1003 3897; x_wconf 88' lang='grc' dir='ltr'><strong>σον</strong></span> <span class='ocrx_word' id='word_1_288' title='bbox 1020 3840 1200 3911; x_wconf 79' lang='grc' dir='ltr'>ἐγραψάμην</span> <span class='ocrx_word' id='word_1_289' title='bbox 1218 3842 1289 3893; x_wconf 85' lang='lat' dir='ltr'><strong>euni.</strong></span> <span class='ocrx_word' id='word_1_290' title='bbox 1310 3842 1396 3895; x_wconf 84' lang='lat' dir='ltr'><strong>Zeun·</strong></span> <span class='ocrx_word' id='word_1_291' title='bbox 1428 3840 1672 3911; x_wconf 86' lang='grc' dir='ltr'>προεγραφάμην</span> <span class='ocrx_word' id='word_1_292' title='bbox 1689 3844 1792 3895; x_wconf 82' lang='grc' dir='ltr'>Εδδ.Ρ.</span> 
     </span>
     <span class='ocr_line' id='line_1_34' title="bbox 640 3910 1793 3996; baseline 0 -35"><span class='ocrx_word' id='word_1_293' title='bbox 640 3974 653 3996; x_wconf 46' lang='lat' dir='ltr'><em>u</em></span> <span class='ocrx_word' id='word_1_294' title='bbox 726 3917 764 3961; x_wconf 80' lang='lat'><strong>12.</strong></span> <span class='ocrx_word' id='word_1_295' title='bbox 799 3913 930 3993; x_wconf 62' lang='lat' dir='ltr'><strong>supesius]</strong></span> <span class='ocrx_word' id='word_1_296' title='bbox 955 3914 967 3979; x_wconf 67' lang='grc' dir='ltr'>δ</span> <span class='ocrx_word' id='word_1_297' title='bbox 991 3919 1017 3963; x_wconf 82' lang='grc' dir='ltr'><strong>Β.</strong></span> <span class='ocrx_word' id='word_1_298' title='bbox 1042 3940 1075 3950; x_wconf 88' lang='grc'><strong>-</strong></span> <span class='ocrx_word' id='word_1_299' title='bbox 1099 3910 1228 3994; x_wconf 76' lang='grc' dir='ltr'>φείδομαι</span> <span class='ocrx_word' id='word_1_300' title='bbox 1251 3912 1323 3962; x_wconf 82' lang='grc' dir='ltr'><strong>οοοί.</strong></span> <span class='ocrx_word' id='word_1_301' title='bbox 1347 3910 1432 3960; x_wconf 86' lang='lat' dir='ltr'><strong>Zeuu.</strong></span> <span class='ocrx_word' id='word_1_302' title='bbox 1472 3910 1601 3976; x_wconf 83' lang='grc' dir='ltr'>φίλομαι</span> <span class='ocrx_word' id='word_1_303' title='bbox 1628 3912 1732 3993; x_wconf 32' lang='grc' dir='ltr'>Εἱδδδ).</span> <span class='ocrx_word' id='word_1_304' title='bbox 1759 3940 1793 3949; x_wconf 91' lang='lat'><em>-</em></span> 
     </span>
     <span class='ocr_line' id='line_1_35' title="bbox 619 3974 1796 4129; baseline -0.003 -31"><span class='ocrx_word' id='word_1_305' title='bbox 619 3982 953 4129; x_wconf 44' lang='grc' dir='ltr'><strong>ῗῗχάῖαὲδάθεὲῃάγάράῖ</strong></span> <span class='ocrx_word' id='word_1_306' title='bbox 960 3986 1021 4099; x_wconf 63' lang='grc' dir='ltr'><strong>θῦεν</strong></span> <span class='ocrx_word' id='word_1_307' title='bbox 1037 3974 1344 4111; x_wconf 45' lang='lat' dir='ltr'><strong>trqqpppctiufflpidim</strong></span> <span class='ocrx_word' id='word_1_308' title='bbox 1380 3978 1683 4095; x_wconf 47' lang='grc' dir='ltr'><strong>ΑΙῖδῗΗλῗλελπάῖηγές]</strong></span> <span class='ocrx_word' id='word_1_309' title='bbox 1695 3980 1796 4110; x_wconf 44' lang='lat' dir='ltr'><strong>diiig-</strong></span> 
     </span>
     <span class='ocr_line' id='line_1_36' title="bbox 618 4105 1794 4180; baseline -0.003 -16"><span class='ocrx_word' id='word_1_310' title='bbox 618 4132 676 4180; x_wconf 85' lang='grc' dir='ltr'><strong>την</strong></span> <span class='ocrx_word' id='word_1_311' title='bbox 695 4115 763 4173; x_wconf 70' lang='lat' dir='ltr'><strong>Edit.</strong></span> <span class='ocrx_word' id='word_1_312' title='bbox 784 4140 816 4150; x_wconf 91' lang='lat'>—</span> <span class='ocrx_word' id='word_1_313' title='bbox 834 4107 988 4179; x_wconf 83' lang='grc' dir='ltr'>Ἀμφοτερω</span> <span class='ocrx_word' id='word_1_314' title='bbox 1019 4116 1100 4163; x_wconf 90' lang='lat' dir='ltr'><strong>llom.</strong></span> <span class='ocrx_word' id='word_1_315' title='bbox 1122 4113 1157 4162; x_wconf 88' lang='lat' dir='ltr'><strong>u.</strong></span> <span class='ocrx_word' id='word_1_316' title='bbox 1174 4105 1208 4176; x_wconf 82' lang='grc' dir='ltr'><strong>ν’,</strong></span> <span class='ocrx_word' id='word_1_317' title='bbox 1227 4116 1269 4161; x_wconf 89' lang='grc'><strong>60.</strong></span> <span class='ocrx_word' id='word_1_318' title='bbox 1306 4110 1367 4160; x_wconf 72' lang='lat' dir='ltr'><strong>vid.</strong></span> <span class='ocrx_word' id='word_1_319' title='bbox 1387 4115 1443 4159; x_wconf 89' lang='lat' dir='ltr'><strong>not.</strong></span> <span class='ocrx_word' id='word_1_320' title='bbox 1462 4137 1496 4145; x_wconf 91' lang='lat'>—</span> <span class='ocrx_word' id='word_1_321' title='bbox 1513 4109 1710 4162; x_wconf 80' lang='grc' dir='ltr'><em>ΑῙῸΡΗΘΗ</em></span> <span class='ocrx_word' id='word_1_322' title='bbox 1714 4111 1746 4162; x_wconf 92' lang='grc' dir='ltr'><strong><em>Ν</em></strong></span> <span class='ocrx_word' id='word_1_323' title='bbox 1762 4111 1794 4160; x_wconf 88' lang='lat' dir='ltr'><strong>l&#39;.</strong></span> 
     </span>
     <span class='ocr_line' id='line_1_37' title="bbox 618 4173 1793 4248; baseline -0.005 -15"><span class='ocrx_word' id='word_1_324' title='bbox 618 4176 769 4247; x_wconf 81' lang='grc' dir='ltr'>ἄγορήτην</span> <span class='ocrx_word' id='word_1_325' title='bbox 792 4181 860 4230; x_wconf 77' lang='grc' dir='ltr'>Εδδ.</span> <span class='ocrx_word' id='word_1_326' title='bbox 882 4209 915 4219; x_wconf 90' lang='grc'><strong>-</strong></span> <span class='ocrx_word' id='word_1_327' title='bbox 937 4174 985 4231; x_wconf 74' lang='lat' dir='ltr'><strong>‘Pa&#39;</strong></span> <span class='ocrx_word' id='word_1_328' title='bbox 1003 4179 1053 4248; x_wconf 84' lang='grc' dir='ltr'><strong>δῳ]</strong></span> <span class='ocrx_word' id='word_1_329' title='bbox 1078 4182 1160 4231; x_wconf 84' lang='lat' dir='ltr'><strong>Hom·</strong></span> <span class='ocrx_word' id='word_1_330' title='bbox 1187 4178 1238 4230; x_wconf 89' lang='lat' dir='ltr'><strong>0d.</strong></span> <span class='ocrx_word' id='word_1_331' title='bbox 1261 4173 1296 4244; x_wconf 81' lang='grc' dir='ltr'><strong>κ’,</strong></span> <span class='ocrx_word' id='word_1_332' title='bbox 1320 4182 1373 4228; x_wconf 75' lang='grc'><strong>238</strong></span> <span class='ocrx_word' id='word_1_333' title='bbox 1396 4181 1425 4227; x_wconf 83' lang='lat' dir='ltr'><strong>et</strong></span> <span class='ocrx_word' id='word_1_334' title='bbox 1442 4179 1501 4226; x_wconf 87' lang='grc'>319.</span> <span class='ocrx_word' id='word_1_335' title='bbox 1674 4181 1714 4227; x_wconf 77' lang='grc'><strong>14.</strong></span> <span class='ocrx_word' id='word_1_336' title='bbox 1742 4181 1793 4243; x_wconf 81' lang='lat' dir='ltr'><strong>fa·</strong></span> 
     </span>
     <span class='ocr_line' id='line_1_38' title="bbox 619 4246 1239 4318; baseline -0.013 -17"><span class='ocrx_word' id='word_1_337' title='bbox 619 4250 692 4318; x_wconf 66' lang='lat' dir='ltr'><strong>trino</strong></span> <span class='ocrx_word' id='word_1_338' title='bbox 705 4248 835 4312; x_wconf 74' lang='lat' dir='ltr'><strong>sutrinos</strong></span> <span class='ocrx_word' id='word_1_339' title='bbox 853 4246 879 4298; x_wconf 87' lang='grc' dir='ltr'><strong>Ιι.</strong></span> <span class='ocrx_word' id='word_1_340' title='bbox 1236 4273 1239 4278; x_wconf 94' lang='grc'>-</span> 
     </span>
    </p>
   </div>
   <div class='ocr_carea' id='block_1_5' title="bbox 617 4393 1793 4529">
    <p class='ocr_par' dir='ltr' id='par_1_6' title="bbox 617 4393 1793 4529">
     <span class='ocr_line' id='line_1_39' title="bbox 617 4393 1793 4466; baseline -0.006 -16"><span class='ocrx_word' id='word_1_341' title='bbox 617 4397 711 4466; x_wconf 75' lang='lat' dir='ltr'><strong>igitur</strong></span> <span class='ocrx_word' id='word_1_342' title='bbox 739 4396 784 4446; x_wconf 82' lang='lat' dir='ltr'><strong>vel</strong></span> <span class='ocrx_word' id='word_1_343' title='bbox 812 4400 954 4447; x_wconf 79' lang='lat' dir='ltr'><strong>auctorem</strong></span> <span class='ocrx_word' id='word_1_344' title='bbox 988 4396 1094 4463; x_wconf 82' lang='lat' dir='ltr'><strong>uliqnid</strong></span> <span class='ocrx_word' id='word_1_345' title='bbox 1126 4395 1180 4446; x_wconf 91' lang='lat' dir='ltr'><strong>hu·</strong></span> <span class='ocrx_word' id='word_1_346' title='bbox 1232 4394 1327 4459; x_wconf 81' lang='lat' dir='ltr'><strong>cipere</strong></span> <span class='ocrx_word' id='word_1_347' title='bbox 1357 4393 1390 4443; x_wconf 85' lang='lat' dir='ltr'><strong>de</strong></span> <span class='ocrx_word' id='word_1_348' title='bbox 1418 4409 1470 4443; x_wconf 79' lang='lat' dir='ltr'><strong>usu</strong></span> <span class='ocrx_word' id='word_1_349' title='bbox 1501 4394 1665 4447; x_wconf 82' lang='lat' dir='ltr'><strong>mediorum.</strong></span> <span class='ocrx_word' id='word_1_350' title='bbox 1701 4393 1793 4444; x_wconf 70' lang='lat' dir='ltr'><strong>Veluti</strong></span> 
     </span>
     <span class='ocr_line' id='line_1_40' title="bbox 619 4455 1793 4529; baseline -0.006 -11"><span class='ocrx_word' id='word_1_351' title='bbox 619 4466 693 4518; x_wconf 84' lang='lat' dir='ltr'><strong>muni</strong></span> <span class='ocrx_word' id='word_1_352' title='bbox 713 4481 826 4529; x_wconf 83' lang='lat' dir='ltr'><strong>passum</strong></span> <span class='ocrx_word' id='word_1_353' title='bbox 850 4481 913 4515; x_wconf 82' lang='lat' dir='ltr'><strong>esse</strong></span> <span class='ocrx_word' id='word_1_354' title='bbox 930 4467 1108 4515; x_wconf 79' lang='lat' dir='ltr'><strong>statuendum</strong></span> <span class='ocrx_word' id='word_1_355' title='bbox 1127 4470 1180 4525; x_wconf 82' lang='lat' dir='ltr'><strong>est,</strong></span> <span class='ocrx_word' id='word_1_356' title='bbox 1231 4455 1387 4529; x_wconf 80' lang='grc' dir='ltr'>ἠλειψάμην</span> <span class='ocrx_word' id='word_1_357' title='bbox 1403 4461 1515 4526; x_wconf 80' lang='lat' dir='ltr'><strong>proprie</strong></span> <span class='ocrx_word' id='word_1_358' title='bbox 1531 4462 1634 4514; x_wconf 82' lang='lat' dir='ltr'><strong>dieitur</strong></span> <span class='ocrx_word' id='word_1_359' title='bbox 1650 4463 1684 4513; x_wconf 80' lang='lat' dir='ltr'><strong>de</strong></span> <span class='ocrx_word' id='word_1_360' title='bbox 1699 4478 1732 4511; x_wconf 75' lang='lat' dir='ltr'><strong>en</strong></span> <span class='ocrx_word' id='word_1_361' title='bbox 1745 4462 1793 4528; x_wconf 87' lang='lat' dir='ltr'><strong>qui</strong></span> 
     </span>
    </p>
   </div>
   <div class='ocr_carea' id='block_1_6' title="bbox 616 4524 1796 5205">
    <p class='ocr_par' dir='ltr' id='par_1_7' title="bbox 616 4524 1795 4993">
     <span class='ocr_line' id='line_1_41' title="bbox 619 4524 1794 4599; baseline -0.006 -14"><span class='ocrx_word' id='word_1_362' title='bbox 619 4536 664 4585; x_wconf 85' lang='lat' dir='ltr'><strong>vei</strong></span> <span class='ocrx_word' id='word_1_363' title='bbox 704 4533 892 4599; x_wconf 82' lang='lat' dir='ltr'><strong>reponendum</strong></span> <span class='ocrx_word' id='word_1_364' title='bbox 932 4526 1090 4598; x_wconf 79' lang='grc' dir='ltr'>ἀσπάζομαι</span> <span class='ocrx_word' id='word_1_365' title='bbox 1130 4549 1180 4583; x_wconf 78' lang='lat' dir='ltr'><strong>seu</strong></span> <span class='ocrx_word' id='word_1_366' title='bbox 1232 4546 1263 4579; x_wconf 82' lang='lat' dir='ltr'><strong>so</strong></span> <span class='ocrx_word' id='word_1_367' title='bbox 1286 4528 1348 4594; x_wconf 76' lang='lat' dir='ltr'><strong>ipso</strong></span> <span class='ocrx_word' id='word_1_368' title='bbox 1373 4528 1469 4596; x_wconf 83' lang='lat' dir='ltr'><strong>ungit,</strong></span> <span class='ocrx_word' id='word_1_369' title='bbox 1504 4524 1689 4597; x_wconf 77' lang='grc' dir='ltr'>οιήλελιγθην</span> <span class='ocrx_word' id='word_1_370' title='bbox 1708 4530 1741 4580; x_wconf 85' lang='lat' dir='ltr'><strong>de</strong></span> <span class='ocrx_word' id='word_1_371' title='bbox 1760 4546 1794 4578; x_wconf 79' lang='grc' dir='ltr'><strong>εο</strong></span> 
     </span>
     <span class='ocr_line' id='line_1_42' title="bbox 617 4595 1793 4661; baseline -0.006 -8"><span class='ocrx_word' id='word_1_372' title='bbox 617 4602 696 4654; x_wconf 85' lang='lat' dir='ltr'><strong>aliud</strong></span> <span class='ocrx_word' id='word_1_373' title='bbox 715 4601 781 4651; x_wconf 84' lang='grc' dir='ltr'><strong>Ιιοίο</strong></span> <span class='ocrx_word' id='word_1_374' title='bbox 800 4600 925 4651; x_wconf 78' lang='grc' dir='ltr'>εἰοιίλο.“</span> <span class='ocrx_word' id='word_1_375' title='bbox 1231 4595 1280 4661; x_wconf 88' lang='lat' dir='ltr'><strong>qui</strong></span> <span class='ocrx_word' id='word_1_376' title='bbox 1301 4610 1388 4660; x_wconf 74' lang='lat' dir='ltr'><strong>opera</strong></span> <span class='ocrx_word' id='word_1_377' title='bbox 1407 4596 1524 4648; x_wconf 71' lang='lat' dir='ltr'><strong>ulterius</strong></span> <span class='ocrx_word' id='word_1_378' title='bbox 1542 4604 1586 4648; x_wconf 74' lang='lat' dir='ltr'><strong>eut</strong></span> <span class='ocrx_word' id='word_1_379' title='bbox 1605 4607 1714 4649; x_wconf 84' lang='lat' dir='ltr'><strong>unetos.</strong></span> <span class='ocrx_word' id='word_1_380' title='bbox 1749 4597 1793 4647; x_wconf 82' lang='lat' dir='ltr'><strong>Gt.</strong></span> 
     </span>
     <span class='ocr_line' id='line_1_43' title="bbox 652 4664 1795 4733; baseline -0.004 -13"><span class='ocrx_word' id='word_1_381' title='bbox 652 4676 678 4721; x_wconf 84' lang='lat'><strong>9.</strong></span> <span class='ocrx_word' id='word_1_382' title='bbox 715 4670 777 4719; x_wconf 88' lang='lat' dir='ltr'><strong>dum</strong></span> <span class='ocrx_word' id='word_1_383' title='bbox 795 4670 823 4718; x_wconf 83' lang='grc' dir='ltr'><strong>ιἰι</strong></span> <span class='ocrx_word' id='word_1_384' title='bbox 838 4669 914 4718; x_wconf 84' lang='lat' dir='ltr'><strong>MAI</strong></span> <span class='ocrx_word' id='word_1_385' title='bbox 929 4664 1061 4733; x_wconf 77' lang='lat' dir='ltr'><strong>desinant]</strong></span> <span class='ocrx_word' id='word_1_386' title='bbox 1080 4665 1182 4717; x_wconf 83' lang='lat' dir='ltr'><strong>Dieun-</strong></span> <span class='ocrx_word' id='word_1_387' title='bbox 1232 4665 1345 4715; x_wconf 76' lang='lat' dir='ltr'><strong>Kuster.</strong></span> <span class='ocrx_word' id='word_1_388' title='bbox 1364 4664 1511 4717; x_wconf 76' lang='lat' dir='ltr'><strong>doverbiu</strong></span> <span class='ocrx_word' id='word_1_389' title='bbox 1530 4665 1640 4717; x_wconf 73' lang='lat' dir='ltr'><strong>mediis.</strong></span> <span class='ocrx_word' id='word_1_390' title='bbox 1675 4665 1795 4731; x_wconf 84' lang='lat' dir='ltr'><strong>quuod</strong></span> 
     </span>
     <span class='ocr_line' id='line_1_44' title="bbox 619 4731 1794 4795; baseline -0.006 -6"><span class='ocrx_word' id='word_1_391' title='bbox 619 4739 831 4789; x_wconf 81' lang='lat' dir='ltr'><strong>dumerutaut</strong></span> <span class='ocrx_word' id='word_1_392' title='bbox 854 4734 1112 4786; x_wconf 81' lang='lat' dir='ltr'><strong>dum..desinunt</strong></span> <span class='ocrx_word' id='word_1_393' title='bbox 1133 4738 1183 4784; x_wconf 80' lang='lat' dir='ltr'><strong>out</strong></span> <span class='ocrx_word' id='word_1_394' title='bbox 1233 4731 1318 4783; x_wconf 81' lang='lat' dir='ltr'><strong>etiam</strong></span> <span class='ocrx_word' id='word_1_395' title='bbox 1349 4732 1426 4783; x_wconf 81' lang='grc' dir='ltr'><strong>δοι</strong></span> <span class='ocrx_word' id='word_1_396' title='bbox 1464 4733 1595 4786; x_wconf 74' lang='lat' dir='ltr'><strong>uentibus</strong></span> <span class='ocrx_word' id='word_1_397' title='bbox 1619 4734 1711 4795; x_wconf 76' lang='lat' dir='ltr'><strong>vetet,</strong></span> <span class='ocrx_word' id='word_1_398' title='bbox 1747 4733 1794 4783; x_wconf 81' lang='lat' dir='ltr'><strong>ubi</strong></span> 
     </span>
     <span class='ocr_line' id='line_1_45' title="bbox 617 4799 1795 4866; baseline -0.007 -7"><span class='ocrx_word' id='word_1_399' title='bbox 617 4825 680 4859; x_wconf 87' lang='lat' dir='ltr'><strong>eum</strong></span> <span class='ocrx_word' id='word_1_400' title='bbox 700 4805 868 4856; x_wconf 76' lang='lat' dir='ltr'><strong>..desinant</strong></span> <span class='ocrx_word' id='word_1_401' title='bbox 904 4801 958 4852; x_wconf 83' lang='lat' dir='ltr'><strong>Sod</strong></span> <span class='ocrx_word' id='word_1_402' title='bbox 978 4800 1182 4852; x_wconf 84' lang='lat' dir='ltr'><strong>cumnunmi-</strong></span> <span class='ocrx_word' id='word_1_403' title='bbox 1232 4799 1435 4865; x_wconf 75' lang='lat' dir='ltr'><strong>nenton-piune</strong></span> <span class='ocrx_word' id='word_1_404' title='bbox 1466 4802 1795 4866; x_wconf 75' lang='lat' dir='ltr'><strong>gnoranuevideturve-</strong></span> 
     </span>
     <span class='ocr_line' id='line_1_46' title="bbox 616 4866 1795 4939; baseline -0.005 -14"><span class='ocrx_word' id='word_1_405' title='bbox 616 4892 669 4925; x_wconf 77' lang='lat' dir='ltr'><strong>niis</strong></span> <span class='ocrx_word' id='word_1_406' title='bbox 691 4873 797 4939; x_wconf 83' lang='lat' dir='ltr'><strong>liqueat</strong></span> <span class='ocrx_word' id='word_1_407' title='bbox 819 4879 913 4922; x_wconf 78' lang='lat' dir='ltr'><strong>utrum</strong></span> <span class='ocrx_word' id='word_1_408' title='bbox 932 4868 1077 4935; x_wconf 79' lang='lat' dir='ltr'><strong>scripserit</strong></span> <span class='ocrx_word' id='word_1_409' title='bbox 1095 4869 1182 4936; x_wconf 74' lang='lat' dir='ltr'><strong>aiter·</strong></span> <span class='ocrx_word' id='word_1_410' title='bbox 1233 4884 1295 4917; x_wconf 85' lang='lat' dir='ltr'><strong>rum</strong></span> <span class='ocrx_word' id='word_1_411' title='bbox 1314 4866 1388 4917; x_wconf 79' lang='lat' dir='ltr'><strong>inter</strong></span> <span class='ocrx_word' id='word_1_412' title='bbox 1406 4868 1529 4920; x_wconf 76' lang='lat' dir='ltr'><strong>nativum</strong></span> <span class='ocrx_word' id='word_1_413' title='bbox 1548 4875 1577 4921; x_wconf 81' lang='lat' dir='ltr'><strong>et</strong></span> <span class='ocrx_word' id='word_1_414' title='bbox 1594 4870 1718 4921; x_wconf 85' lang='lat' dir='ltr'><strong>medium</strong></span> <span class='ocrx_word' id='word_1_415' title='bbox 1736 4869 1795 4919; x_wconf 80' lang='lat' dir='ltr'><strong>diu·</strong></span> 
     </span>
     <span class='ocr_line' id='line_1_47' title="bbox 617 4935 1567 4993; baseline -0.011 -1"><span class='ocrx_word' id='word_1_416' title='bbox 617 4949 710 4993; x_wconf 80' lang='lat' dir='ltr'><strong>utrum</strong></span> <span class='ocrx_word' id='word_1_417' title='bbox 727 4956 761 4992; x_wconf 83' lang='lat' dir='ltr'><strong>nn</strong></span> <span class='ocrx_word' id='word_1_418' title='bbox 781 4938 940 4990; x_wconf 84' lang='lat' dir='ltr'><strong>contuderit</strong></span> <span class='ocrx_word' id='word_1_419' title='bbox 964 4937 1016 4987; x_wconf 75' lang='lat' dir='ltr'><strong>hun</strong></span> <span class='ocrx_word' id='word_1_420' title='bbox 1038 4943 1181 4987; x_wconf 80' lang='lat' dir='ltr'><strong>construe·</strong></span> <span class='ocrx_word' id='word_1_421' title='bbox 1233 4935 1372 4986; x_wconf 80' lang='lat' dir='ltr'><strong>crimen.“</strong></span> <span class='ocrx_word' id='word_1_422' title='bbox 1396 4935 1484 4986; x_wconf 79' lang='lat' dir='ltr'><strong>Znun.</strong></span> <span class='ocrx_word' id='word_1_423' title='bbox 1561 4971 1567 4982; x_wconf 86' lang='lat'><em>.</em></span> 
     </span>
    </p>

    <p class='ocr_par' dir='ltr' id='par_1_8' title="bbox 617 4998 1796 5205">
     <span class='ocr_line' id='line_1_48' title="bbox 617 4998 1794 5071; baseline -0.008 -12"><span class='ocrx_word' id='word_1_424' title='bbox 617 5010 725 5071; x_wconf 76' lang='lat' dir='ltr'><strong>tiones,</strong></span> <span class='ocrx_word' id='word_1_425' title='bbox 759 5007 848 5059; x_wconf 81' lang='lat' dir='ltr'><strong>mutui</strong></span> <span class='ocrx_word' id='word_1_426' title='bbox 876 5006 999 5057; x_wconf 78' lang='lat' dir='ltr'><strong>retinere</strong></span> <span class='ocrx_word' id='word_1_427' title='bbox 1024 5005 1182 5071; x_wconf 75' lang='lat' dir='ltr'><strong>vulgatum.</strong></span> <span class='ocrx_word' id='word_1_428' title='bbox 1268 5008 1309 5052; x_wconf 79' lang='lat'><strong>12.</strong></span> <span class='ocrx_word' id='word_1_429' title='bbox 1346 5000 1478 5068; x_wconf 82' lang='grc' dir='ltr'>φείδομαλ</span> <span class='ocrx_word' id='word_1_430' title='bbox 1497 5017 1563 5067; x_wconf 85' lang='grc' dir='ltr'>σον,</span> <span class='ocrx_word' id='word_1_431' title='bbox 1596 4999 1718 5070; x_wconf 81' lang='grc' dir='ltr'>κήδομαί</span> <span class='ocrx_word' id='word_1_432' title='bbox 1732 4998 1794 5065; x_wconf 85' lang='grc' dir='ltr'>σου]</span> 
     </span>
     <span class='ocr_line' id='line_1_49' title="bbox 617 5067 1796 5138; baseline -0.008 -12"><span class='ocrx_word' id='word_1_433' title='bbox 617 5076 748 5127; x_wconf 77' lang='lat' dir='ltr'><strong>Ceterum</strong></span> <span class='ocrx_word' id='word_1_434' title='bbox 774 5076 848 5128; x_wconf 77' lang='lat' dir='ltr'><strong>oeni.</strong></span> <span class='ocrx_word' id='word_1_435' title='bbox 873 5092 896 5126; x_wconf 87' lang='lat' dir='ltr'><strong>c.</strong></span> <span class='ocrx_word' id='word_1_436' title='bbox 916 5077 965 5138; x_wconf 82' lang='lat'><strong>21,</strong></span> <span class='ocrx_word' id='word_1_437' title='bbox 989 5072 1044 5138; x_wconf 76' lang='lat'><strong>§4-</strong></span> <span class='ocrx_word' id='word_1_438' title='bbox 1068 5074 1130 5123; x_wconf 86' lang='lat' dir='ltr'><strong>dum</strong></span> <span class='ocrx_word' id='word_1_439' title='bbox 1148 5072 1182 5123; x_wconf 78' lang='lat' dir='ltr'><strong>ait</strong></span> <span class='ocrx_word' id='word_1_440' title='bbox 1237 5068 1371 5133; x_wconf 78' lang='grc' dir='ltr'>Φελδομαι</span> <span class='ocrx_word' id='word_1_441' title='bbox 1403 5070 1507 5138; x_wconf 68' lang='lat' dir='ltr'><strong>scripsi</strong></span> <span class='ocrx_word' id='word_1_442' title='bbox 1537 5072 1652 5122; x_wconf 79' lang='lat' dir='ltr'><strong>iubente</strong></span> <span class='ocrx_word' id='word_1_443' title='bbox 1680 5067 1796 5118; x_wconf 80' lang='lat' dir='ltr'><strong>Zeunio.</strong></span> 
     </span>
     <span class='ocr_line' id='line_1_50' title="bbox 617 5136 1796 5205; baseline -0.009 -9"><span class='ocrx_word' id='word_1_444' title='bbox 617 5145 777 5196; x_wconf 71' lang='lat' dir='ltr'><strong>derivativa.</strong></span> <span class='ocrx_word' id='word_1_445' title='bbox 1232 5136 1287 5187; x_wconf 84' lang='lat' dir='ltr'><strong>Sed</strong></span> <span class='ocrx_word' id='word_1_446' title='bbox 1324 5137 1389 5187; x_wconf 84' lang='lat' dir='ltr'><strong>vido</strong></span> <span class='ocrx_word' id='word_1_447' title='bbox 1422 5154 1457 5188; x_wconf 86' lang='lat' dir='ltr'><strong>ne</strong></span> <span class='ocrx_word' id='word_1_448' title='bbox 1494 5154 1643 5205; x_wconf 78' lang='lat' dir='ltr'><strong>pronomen</strong></span> <span class='ocrx_word' id='word_1_449' title='bbox 1678 5142 1796 5199; x_wconf 78' lang='lat' dir='ltr'><strong>utroquo</strong></span> 
     </span>
    </p>
   </div>
   <div class='ocr_carea' id='block_1_7' title="bbox 617 5204 1806 5410">
    <p class='ocr_par' dir='ltr' id='par_1_9' title="bbox 617 5204 1806 5410">
     <span class='ocr_line' id='line_1_51' title="bbox 654 5204 1795 5277; baseline -0.005 -17"><span class='ocrx_word' id='word_1_450' title='bbox 654 5215 696 5261; x_wconf 90' lang='grc'><strong>10.</strong></span> <span class='ocrx_word' id='word_1_451' title='bbox 733 5211 917 5277; x_wconf 80' lang='lat' dir='ltr'><strong>Solaquoque</strong></span> <span class='ocrx_word' id='word_1_452' title='bbox 937 5208 1050 5275; x_wconf 79' lang='lat' dir='ltr'><strong>passion</strong></span> <span class='ocrx_word' id='word_1_453' title='bbox 1068 5207 1116 5258; x_wconf 82' lang='grc' dir='ltr'><strong>λοι</strong></span> <span class='ocrx_word' id='word_1_454' title='bbox 1134 5223 1182 5257; x_wconf 82' lang='lat' dir='ltr'><strong>no·</strong></span> <span class='ocrx_word' id='word_1_455' title='bbox 1233 5205 1296 5255; x_wconf 86' lang='lat' dir='ltr'><strong>loeo</strong></span> <span class='ocrx_word' id='word_1_456' title='bbox 1316 5204 1354 5255; x_wconf 79' lang='lat' dir='ltr'><strong>sit</strong></span> <span class='ocrx_word' id='word_1_457' title='bbox 1378 5204 1528 5257; x_wconf 78' lang='lat' dir='ltr'><strong>dedendum</strong></span> <span class='ocrx_word' id='word_1_458' title='bbox 1548 5214 1578 5257; x_wconf 89' lang='lat' dir='ltr'><strong>ut</strong></span> <span class='ocrx_word' id='word_1_459' title='bbox 1596 5206 1652 5256; x_wconf 83' lang='lat' dir='ltr'><strong>hue</strong></span> <span class='ocrx_word' id='word_1_460' title='bbox 1673 5204 1795 5254; x_wconf 76' lang='lat' dir='ltr'><strong>transtu·</strong></span> 
     </span>
     <span class='ocr_line' id='line_1_52' title="bbox 617 5269 1403 5342; baseline -0.011 -12"><span class='ocrx_word' id='word_1_461' title='bbox 617 5280 701 5342; x_wconf 78' lang='lat' dir='ltr'><strong>mine,</strong></span> <span class='ocrx_word' id='word_1_462' title='bbox 726 5278 755 5328; x_wconf 78' lang='lat' dir='ltr'><strong>td</strong></span> <span class='ocrx_word' id='word_1_463' title='bbox 772 5284 810 5328; x_wconf 75' lang='grc' dir='ltr'><strong>ιιι</strong></span> <span class='ocrx_word' id='word_1_464' title='bbox 825 5271 910 5341; x_wconf 78' lang='grc' dir='ltr'>μέσα,</span> <span class='ocrx_word' id='word_1_465' title='bbox 935 5274 1073 5341; x_wconf 75' lang='lat' dir='ltr'><strong>docuntur]</strong></span> <span class='ocrx_word' id='word_1_466' title='bbox 1101 5269 1181 5339; x_wconf 80' lang='lat' dir='ltr'><strong>„Non</strong></span> <span class='ocrx_word' id='word_1_467' title='bbox 1235 5280 1293 5323; x_wconf 90' lang='lat' dir='ltr'><strong>tum</strong></span> <span class='ocrx_word' id='word_1_468' title='bbox 1313 5289 1328 5322; x_wconf 83' lang='grc' dir='ltr'>ε</span> <span class='ocrx_word' id='word_1_469' title='bbox 1347 5272 1360 5333; x_wconf 64' lang='grc' dir='ltr'><strong>ξ</strong></span> <span class='ocrx_word' id='word_1_470' title='bbox 1377 5276 1403 5322; x_wconf 87' lang='grc'><strong>8.</strong></span> 
     </span>
     <span class='ocr_line' id='line_1_53' title="bbox 617 5334 1806 5410; baseline -0.016 -10"><span class='ocrx_word' id='word_1_471' title='bbox 617 5343 850 5404; x_wconf 63' lang='lat' dir='ltr'><strong>natumnatum</strong></span> <span class='ocrx_word' id='word_1_472' title='bbox 864 5344 1181 5410; x_wconf 70' lang='lat' dir='ltr'><strong>netorvideturpne·</strong></span> <span class='ocrx_word' id='word_1_473' title='bbox 1271 5344 1311 5391; x_wconf 77' lang='lat'><strong>1³.</strong></span> <span class='ocrx_word' id='word_1_474' title='bbox 1344 5336 1498 5405; x_wconf 82' lang='grc' dir='ltr'>Ἀμφοτέρω</span> <span class='ocrx_word' id='word_1_475' title='bbox 1519 5334 1659 5401; x_wconf 60' lang='lat' dir='ltr'><strong>mundet</strong></span> <span class='ocrx_word' id='word_1_476' title='bbox 1688 5336 1806 5407; x_wconf 54' lang='lat' dir='ltr'><strong>„hom</strong></span> 
     </span>
    </p>
   </div>
   <div class='ocr_carea' id='block_1_8' title="bbox 1619 5422 1672 5485">
    <p class='ocr_par' dir='ltr' id='par_1_10' title="bbox 1619 5422 1672 5485">
     <span class='ocr_line' id='line_1_54' title="bbox 1619 5422 1672 5485; baseline 0.038 -2"><span class='ocrx_word' id='word_1_477' title='bbox 1619 5422 1672 5485; x_wconf 55' lang='lat' dir='ltr'><strong>KQ</strong></span> 
     </span>
    </p>
   </div>
   <div class='ocr_carea' id='block_1_9' title="bbox 0 0 2550 6425">
    <p class='ocr_par' dir='ltr' id='par_1_11' title="bbox 0 0 2550 6425">
     <span class='ocr_line' id='line_1_55' title="bbox 0 0 2550 6425; baseline 0 0"><span class='ocrx_word' id='word_1_478' title='bbox 0 0 2550 6425; x_wconf 95' lang='lat' dir='ltr'><strong> </strong></span> 
     </span>
    </p>
   </div>
  </div>
 </body>
</html>
