5092 6425
697 932 739 1000 84
1183 924 1391 992 MACROBll

703 1105 808 1168 Zenon
828 1104 1006 1163 concretum
1027 1093 1147 1180 corpori
1168 1092 1320 1179 spiritum,
1339 1094 1536 1158 Democritus
1555 1092 1698 1178 spiritum
1722 1094 1870 1159 insertum

702 1186 812 1252 atomis
844 1183 901 1246 hac
929 1180 1073 1244 facilitate
1100 1187 1203 1243 motus
1246 1187 1282 1245 ut
1310 1200 1421 1263 corpus
1451 1179 1493 1242 illi
1529 1200 1622 1242 omne
1653 1180 1693 1242 sit
1722 1181 1871 1263 pervium,

652 1271 856 1343 POCritolaus
878 1265 1099 1351 Peripateticus
1123 1271 1262 1328 constare
1284 1285 1351 1328 eam
1373 1265 1411 1328 de
1432 1264 1539 1348 quinta
1561 1265 1709 1341 essentia,
1742 1267 1871 1350 Hippar-

703 1358 780 1423 chus
801 1355 918 1438 ignem,
943 1351 1148 1414 Anaximenes
1169 1370 1254 1422 aera,
1276 1350 1479 1432 Empedocles
1500 1355 1531 1412 ct
1550 1349 1661 1413 Critias
1682 1350 1872 1434 sanguinem,

703 1438 902 1507 Parmenides
922 1458 960 1501 ex
980 1443 1060 1500 terra
1083 1443 1115 1498 et
1135 1437 1218 1518 igne,
1239 1434 1448 1518 Xenophanes
1471 1442 1610 1497 exterra
1630 1440 1661 1497 et
1682 1455 1778 1519 aqua,
1797 1436 1871 1499 Boc-

704 1526 775 1592 tbos
794 1546 831 1589 ex
850 1543 920 1588 aere
942 1528 973 1584 et
996 1521 1075 1604 igne,
1093 1519 1247 1604 Epicurus
1268 1521 1399 1604 speciem
1419 1541 1455 1583 ex
1477 1519 1546 1603 igne
1566 1528 1597 1582 et
1617 1540 1688 1583 aere
1710 1527 1744 1583 et
1764 1520 1873 1604 spiritu

704 1613 842 1677 mixtam.
897 1605 1042 1691 Optinuit
1076 1611 1179 1668 tamen
1215 1625 1278 1667 non
1312 1604 1413 1669 minus
1445 1603 1484 1668 de
1523 1603 1772 1688 incorporalitate
1809 1605 1872 1669 eius

653 1701 693 1764 21
728 1717 798 1762 uam
817 1694 854 1758 de
878 1690 1095 1755 inmortalitate
1116 1689 1278 1753 sententia.
1320 1691 1410 1755 Nunc
1432 1689 1599 1766 videamus,
1617 1710 1696 1774 quae
1715 1690 1779 1753 sint
1800 1689 1872 1754 haec

704 1720 767 1848 huo
790 1777 914 1844 nomina
940 1795 1073 1860 quorum
1095 1775 1209 1860 pariter
1230 1775 1385 1850 meminit,
1413 1795 1483 1839 cum
1505 1773 1592 1837 dicit:
1629 1796 1704 1860 quae
1724 1775 1873 1839 sr'deroet

703 1867 799 1932 stellas
829 1862 948 1926 noemin
997 1861 1107 1944 Neque
1138 1859 1220 1923 enim
1254 1859 1304 1923 hic
1337 1879 1387 1923 res
1417 1880 1478 1924 una
1514 1859 1635 1942 gemina
1667 1859 1872 1944 appellatione

705 1956 908 2021 monstratur,
934 1953 970 2010 ut
989 1946 1066 2008 ernis
1087 1953 1119 2008 et
1135 1945 1274 2029 plurilus:
1308 1944 1360 2008 sed
1385 1953 1458 2009 sunt
1475 1945 1572 2008 stellae
1591 1944 1716 2029 quidem
1739 1945 1872 2029 singula·

703 2056 763 2112 res,
783 2042 819 2099 ut
837 2030 983 2096 erraticae
1001 2029 1139 2114 quinque
1158 2037 1189 2093 et
1206 2038 1326 2093 ceterae
1348 2049 1427 2114 quae
1448 2051 1509 2093 non
1532 2029 1685 2094 admixtae
1704 2029 1772 2094 aliis
1792 2031 1873 2095 solae

704 2121 860 2192 feruntur,
891 2116 993 2180 sidera
1014 2135 1086 2179 vero
1110 2115 1242 2198 quaein
1266 2114 1391 2199 aliquod
1413 2115 1533 2200 signum
1558 2115 1714 2179 stellarum
1738 2114 1873 2199 plurium

705 2202 916 2291 conpositione
939 2199 1119 2277 formantur,
1141 2207 1176 2264 ut
1195 2198 1288 2264 'siries
1311 2201 1432 2265 Taurus
1453 2199 1651 2265 Andromeda
1672 2200 1807 2265 Perseus
1829 2200 1871 2266 vel

772 2344 841 2395 Μαι.
863 2340 899 2403 (C
918 2339 983 2393 inde
1002 2354 1018 2391 a
1038 2338 1052 2405 5
1071 2342 1128 2399 21.)
1147 2337 1390 2402 assandum]

704 2436 791 2482 catur.
826 2426 972 2476 Librarius
991 2424 1018 2475 in
1038 2439 1161 2475 errorem
1181 2422 1291 2475 induxit
1309 2441 1428 2490 sequeus
1447 2425 1600 2478 Heraclitus
1614 2426 1768 2494 physicus.“
1818 2426 1871 2476 He·

703 2499 830 2547 saclitas
850 2494 975 2544 Ponticas
994 2491 1120 2541 Mser-z.
1137 2520 1171 2527 —
1191 2508 1260 2542 esse
1276 2493 1402 2543 essentiae
1421 2493 1470 2542 lll.
1488 2521 1522 2529 —
1540 2494 1635 2545 Xenon
1653 2511 1681 2561 g.
1698 2524 1734 2533 -·
1749 2495 1873 2560 corporis

703 2558 904 2613 Bsn.Dnrs.Tn.
927 2587 962 2596 —
980 2558 1128 2620 facultate
1146 2557 1189 2622 (in
1213 2575 1269 2625 mg.
1294 2560 1440 2625 facilitate)
1465 2558 1532 2627 cleg.
1697 2565 1740 2611 20.
1786 2563 1871 2611 Xeno-

702 2631 824 2696 phantes
844 2626 920 2676 aar.
971 2625 1183 2690 Esenophantes
1202 2625 1230 2676 S.
1286 2627 1505 2694 Etenophantes
1522 2628 1573 2678 lll.
1594 2657 1629 2664 —
1652 2629 1748 2680 Baetes
1770 2629 1871 2679 er-a.

703 2696 823 2747 boethus
850 2692 893 2752 (in
917 2707 974 2758 mg.
996 2690 1123 2752 Boethus)
1146 2708 1174 2759 g.
1204 2719 1238 2729 —
1264 2710 1296 2743 ea
1313 2710 1375 2744 nere
1398 2703 1424 2746 et
1442 2697 1506 2762 igne
1528 2704 1553 2746 et
1571 2696 1667 2762 spiritu
1685 2698 1796 2749 mistam
1822 2697 1872 2745 112

703 2791 737 2800 -
755 2762 787 2812 de
804 2759 1032 2810 inmortalitate
1050 2758 1106 2809 eins
1123 2776 1202 2825 quam
1222 2760 1254 2811 de
1271 2761 1470 2814 immortalitate
1488 2770 1516 2814 et
1535 2765 1670 2814 essentia
1690 2765 1741 2814 Rl.
1761 2791 1794 2801 —
1813 2780 1872 2814 sen-

703 2830 786 2882 tentia
805 2827 942 2878 omnium
965 2823 1037 2875 usn.
1190 2830 1232 2876 21.
1269 2827 1426 2893 lncipitc,
1457 2829 1683 2882 utendicesnlii
1702 2832 1871 2897 complures.

703 2897 734 2947 ln
755 2895 777 2945 F
798 2895 869 2945 duae
887 2892 979 2943 lineae
994 2905 1093 2942 erasae
1111 2897 1188 2952 sunt,
1219 2893 1247 2943 in
1266 2894 1368 2959 quibus
1388 2895 1499 2946 ridetur
1515 2896 1605 2947 luisse
1622 2897 1770 2966 inscriptio
1790 2899 1874 2949 rubro

704 2965 799 3015 coloro
827 2960 909 3027 picta.
949 2960 981 3010 la
1004 2974 1021 3009 a
1044 2957 1166 3024 spatium
1194 2960 1323 3013 relictum
1352 2969 1396 3014 cst
1419 2980 1537 3015 sacuam
1562 2964 1679 3016 duorum
1709 2967 1873 3032 digitorum.

704 3032 764 3083 Pid.
784 3031 993 3096 prolegomena.
1010 3056 1045 3063 —
1066 3027 1193 3078 videmus
1210 3036 1286 3095 (sup.
1305 3035 1337 3090 n)
1353 3030 1385 3081 12.
1408 3059 1442 3071 —
1460 3039 1533 3084 sunt
1551 3036 1626 3099 (sup.
1645 3033 1683 3084 al·
1703 3035 1770 3094 sint)
1791 3034 1823 3084 C.
1841 3063 1874 3071 -

705 3101 775 3152 ensis
789 3097 901 3217 {gadim
919 3100 987 3156 (om.
1005 3099 1044 3154 et)
1063 3093 1164 3145 111-
1186 3105 1221 3148 ut
1240 3105 1340 3149 ceterae
1358 3098 1405 3148 Pe.
1422 3127 1458 3136 —
1479 3102 1641 3163 reseruntur
1656 3100 1708 3151 Rl.
1723 3131 1757 3138 —
1778 3110 1809 3154 at
1826 3119 1873 3152 ar-

705 3175 776 3223 ctus
863 3193 897 3202 -
918 3171 952 3217 ut
968 3170 1062 3216 taurus
1081 3161 1143 3215 cah.
1162 3192 1197 3201 -
1216 3171 1250 3218 ut
1271 3166 1440 3219 Andromeda
1457 3164 1627 3220 Rll’llrcah.
1662 3177 1692 3223 et
1709 3170 1875 3221 andromeda

705 3296 746 3354 1.;
784 3286 900 3340 Stobaei
925 3286 986 3337 Bel.
1013 3286 1100 3353 Phys.
1123 3283 1137 3335 1
1166 3301 1192 3351 p.
1219 3289 1263 3350 93,
1315 3306 1342 3355 p.
1367 3291 1439 3348 136.)
1465 3288 1647 3356 reprehendit
1666 3291 1793 3344 ordinem
1820 3308 1873 3358 qno

705 3357 754 3411 uhi
773 3357 884 3424 quidem
909 3372 960 3420 pro
978 3354 1135 3406 Xenocrate
1157 3353 1264 3422 legitur
1314 3357 1475 3409 Macrobius
1500 3356 1734 3425 philosophorum
1762 3368 1874 3412 senteu-

707 3428 880 3495 amager-m,
897 3422 1003 3474 ibidem
1021 3423 1135 3473 eandem
1152 3429 1263 3474 senten·
1315 3424 1369 3476 tius
1389 3424 1574 3486 recensuerit,
1591 3426 1675 3491 idque
1694 3427 1805 3478 merito.

706 3494 774 3545 tiam
792 3492 880 3553 (conl.
898 3489 955 3541 Cic.
975 3490 1060 3541 Tunc.
1085 3489 1111 3551 l,
1138 3493 1181 3552 10,
1205 3494 1262 3550 20.)

704 3560 761 3613 iaus
793 3563 857 3610 ante
889 3557 1044 3624 protulisse
1072 3556 1177 3607 dicitur
1209 3558 1261 3623 Py-

704 3628 851 3693 thagoras,
891 3623 936 3675 cui
967 3640 1027 3675 eam
1061 3623 1161 3675 tribuit
1193 3623 1262 3675 Plu·

706 3692 797 3745 tarch.
817 3693 851 3741 de
870 3692 944 3756 plac.
963 3691 1033 3758 phil.
1051 3690 1071 3741 l.
1089 3707 1127 3752 c.;
1145 3691 1179 3741 de
1198 3692 1261 3744 Ari·

705 3760 815 3822 stotelis,
827 3758 861 3808 de
875 3772 919 3807 an.
931 3757 968 3822 ll,
979 3762 1003 3808 1.
1029 3757 1176 3809 Plutarch.
1190 3758 1208 3808 l.
1222 3776 1262 3821 c.;

706 3826 741 3877 de
769 3825 940 3890 Pythagorae
965 3831 994 3874 et
1022 3825 1151 3884 Philolai,
1186 3825 1263 3876 Sext.

705 3893 813 3957 Empir.
829 3892 891 3943 adr.
912 3890 1046 3942 matheus.
1068 3891 1086 3941 l.
1106 3891 1194 3953 Vll‚s
1219 3895 1263 3943 92.

705 3957 854 4012 lnmhlich.
874 3955 922 4009 rit.
942 3957 1023 4026 Pyth.
1043 3974 1069 4023 p.
1087 3961 1145 4009 146.
1181 3958 1264 4026 Diog.

705 4028 800 4081 haert.
817 4024 896 4089 Vlll,
918 4030 976 4088 aa,
1018 4025 1052 4077 dc
1074 4026 1211 4078 Posidonii
1227 4026 1264 4077 cl.

704 4094 844 4148 Brucheri
865 4094 932 4145 hist.
951 4094 1013 4144 crit.
1033 4092 1137 4159 philos.
1161 4094 1216 4145 vol.
1241 4093 1264 4158 1,

707 4182 733 4232 p.
752 4167 843 4226 sola,
865 4162 943 4214 ‘unde
959 4162 1054 4213 elucet
1075 4160 1136 4212 eius
1160 4160 1265 4212 doctri-

705 4250 769 4285 nam
784 4248 801 4283 a
817 4231 998 4299 Pythagorea
1015 4245 1068 4280 nan
1084 4229 1202 4280 multum
1222 4228 1265 4279 di-

705 4308 797 4361 stare;
826 4299 860 4348 de
877 4298 1057 4365 Asclepiadis,
1076 4296 1223 4347 Plutarch.
1243 4297 1261 4348 l.

706 4384 745 4426 c.;
764 4367 798 4416 de
818 4365 987 4432 Hippocratis
1004 4363 1137 4414 Bruclser.
1155 4365 1174 4414 l.
1194 4381 1217 4413 c.
1237 4381 1263 4429 p.

710 4436 799 4492 1226.;
838 4430 872 4481 de
904 4430 1055 4482 Heraclidis
1091 4431 1194 4482 Pontici
1225 4432 1261 4481 ci.

707 4499 788 4564 Diog.
809 4495 902 4547 haert.
925 4498 961 4560 V,
983 4501 1040 4561 36.;
1076 4498 1110 4548 de
1134 4498 1263 4549 Heracliti

726 4564 809 4630 hysici
825 4563 970 4616 Plutarch.
993 4565 1013 4615 l.
1031 4582 1054 4615 c.
1072 4567 1097 4613 3.
1124 4564 1262 4616 Bruclxer.

705 4584 726 4682 l.
747 4635 925 4697 c.p.121‹t.;
958 4632 992 4682 dc
1012 4632 1125 4683 Zenonis
1149 4632 1216 4684 ibid.
1234 4650 1261 4700 p.

705 4703 780 4760 9504
802 4698 835 4749 de
857 4698 1012 4763 Democriti,
1031 4698 1146 4749 scissor.
1165 4699 1200 4750 de
1217 4716 1261 4751 an.

706 4765 735 4829 1,
751 4770 793 4827 2.;
828 4764 862 4816 sle
883 4766 1008 4829 Critolai,
1029 4765 1144 4816 Stohaei
1163 4767 1261 4835 Delog.

708 4832 790 4899 phys.
802 4830 823 4892 l,
836 4836 859 4881 1.
879 4848 904 4897 p.
913 4836 955 4891 2.;
974 4833 1007 4882 dc
1022 4832 1178 4900 Hipparchi,
1191 4833 1261 4885 Bru-

706 4899 782 4951 cher.
802 4899 820 4949 l.
835 4915 859 4949 e.
876 4916 902 4963 p.
920 4902 1011 4961 11023
1031 4899 1065 4950 cle
1080 4902 1262 4964 Anaximenis,

704 4965 775 5017 ibid.
795 4984 821 5031 p.
840 4967 930 5026 stota
965 4966 999 5015 dc
1019 4966 1199 5032 Empedoclis,
1222 4968 1261 5019 lb.

704 5050 731 5099 p.
746 5036 835 5095 ula,
855 5034 889 5083 dc
903 5032 1077 5095 Parmenidis,
1094 5032 1132 5082 ils.
1148 5051 1173 5099 p.
1192 5038 1260 5086 llos

1347 3496 1389 3542 20.
1427 3494 1460 3543 de
1482 3496 1576 3559 quinta
1597 3496 1720 3555 essentia]
1749 3494 1791 3545 Cl.
1814 3494 1871 3544 Cic.

1314 3558 1400 3611 Tusc.
1419 3560 1490 3627 disp.
1508 3560 1534 3617 l,
1557 3563 1603 3626 10,
1623 3560 1637 3625 5
1654 3566 1696 3612 22.
1719 3564 1874 3615 Aristoteles

1383 3643 1442 3678 eum
1465 3635 1590 3694 quattuor
1610 3636 1675 3680 ncta
1698 3630 1748 3681 illa
1772 3648 1873 3700 genera

1311 3694 1500 3762 principiorum
1519 3702 1585 3748 essm
1602 3699 1760 3765 compleras,
1780 3715 1795 3750 e
1812 3698 1872 3766 qui-

1313 3764 1360 3813 hus
1372 3763 1459 3813 omnia
1473 3762 1612 3828 orirentur,
1622 3766 1698 3831 quin
1707 3773 1741 3816 ta
1749 3783 1773 3816 m
1785 3783 1872 3833 quan-

1314 3832 1376 3881 dam
1394 3837 1548 3881 naturum
1569 3839 1653 3883 censet
1676 3849 1743 3898 esse,
1781 3850 1795 3884 c
1819 3850 1872 3900 qun

1313 3897 1489 3948 aitarens·
1513 3895 1643 3949 Ceterum
1666 3900 1785 3952 observa
1807 3917 1874 3953 con·

1315 3962 1478 4014 structionis
1493 3964 1668 4017 varietatem.

1348 4034 1390 4081 21.
1427 4038 1487 4082 sunt
1505 4034 1599 4084 stellae
1622 4034 1726 4100 quidem
1746 4033 1872 4101 singula-

1314 4113 1365 4162 res,
1441 4100 1530 4150 sidera
1547 4117 1608 4151 uero
1626 4118 1694 4167 quae
1717 4102 1745 4151 in
1763 4102 1875 4168 aliquod

1314 4167 1736 4301 13161111111311111.
1751 4170 1873 4287 11111·

1315 4301 1394 4367 legat
1424 4301 1459 4352 ad
1485 4300 1630 4353 Laurentii
1662 4303 1760 4353 Vallae
1790 4304 1873 4369 Elcg.

1315 4369 1361 4427 vl,
1388 4371 1430 4418 22.
1462 4369 1562 4419 rerba:
1592 4370 1691 4434 „llaec
1709 4370 1874 4422 differentia

1313 4434 1466 4495 (Macrobii
1496 4442 1579 4501 pace)
1603 4453 1738 4503 xxusquam
1765 4438 1874 4503 reperi-

1313 4510 1371 4552 tur:
1389 4508 1420 4553 ul
1435 4504 1508 4568 apud
1526 4505 1644 4555 eundem
1660 4504 1822 4556 Ciceronem
1838 4506 1873 4557 de

1311 4570 1504 4622 Universitate
1515 4570 1601 4638 [Tim.
1612 4589 1635 4623 c.
1647 4573 1697 4638 9.]:
1718 4574 1812 4640 ltaque
1823 4590 1873 4624 ne-

1311 4639 1398 4689 sciunt
1415 4639 1462 4689 has
1479 4640 1626 4690 siderum
1644 4656 1752 4701 errores,
1770 4648 1799 4691 et
1818 4640 1872 4692 ito·

1311 4721 1373 4755 rum
1397 4704 1446 4770 [ih.
1470 4722 1495 4756 c.
1520 4706 1584 4771 121:
1619 4709 1683 4759 Toto
1702 4709 1790 4776 igitur
1813 4708 1873 4759 orbe

1312 4773 1452 4823 constituto
1470 4774 1643 4825 'sideribus
1665 4780 1753 4825 etc...
1790 4775 1872 4842 Quod

1311 4855 1365 4889 non
1383 4838 1508 4891 sensisse
1524 4840 1697 4903 Ciceronem,
1713 4847 1744 4892 ut
1761 4842 1872 4894 Macro·

1311 4904 1375 4957 hius
1391 4906 1460 4965 vult,
1476 4908 1641 4962 documento
1658 4916 1711 4970 est,
1726 4910 1799 4974 quod
1818 4926 1871 4961 non

1311 4973 1475 5053 praeposuit
1512 4977 1620 5027 stollas.
1669 4976 1759 5027 Debet
1797 4978 1872 5029 enim

1311 5055 1420 5106 species
1438 5043 1551 5108 generi,
1570 5059 1634 5110 pars
1655 5044 1706 5095 toti
1719 5044 1870 5112 praeponi.

703 5118 778 5168 sqq.;
798 5100 832 5150 de
846 5099 1025 5167 Xenophanis,
1041 5098 1109 5149 ibid.
1126 5116 1153 5165 p.
1167 5105 1258 5165 illa,
1375 5106 1479 5159 Fateor
1499 5115 1606 5175 tamen,
1635 5128 1783 5176 numquam
1805 5113 1869 5165 stel-

703 5169 737 5219 ‹le
751 5169 872 5236 Epicuri,
887 5166 1033 5219 Plutarch.
1052 5166 1071 5217 l.
1083 5183 1108 5217 c.
1127 5172 1162 5232 3.,
1173 5168 1226 5219 Dic
1250 5205 1258 5219 .

702 5236 796 5288 Iraert.
806 5235 840 5299 ll,
850 5240 902 5301 63,
917 5234 1028 5287 bucret.
1039 5233 1091 5300 lll,
1100 5236 1159 5285 333.
1178 5264 1205 5275 -
1223 5186 1256 5288 i.

1308 5174 1362 5225 lam
1380 5173 1502 5227 Arietem
1518 5178 1585 5241 (lici,
1605 5178 1740 5241 Taurum,
1763 5181 1871 5232 Andro-

1308 5241 1648 5308 monumentumque
1668 5247 1772 5297 sidus.“
1808 5248 1870 5299 hla-

702 5303 835 5358 Stahrius
854 5303 1036 5367 (Aristotcles
1056 5303 1085 5357 b.
1108 5302 1135 5354 a.
1158 5303 1255 5356 Ruem.
1307 5309 1405 5362 crobio
1421 5310 1597 5380 suffragatur
1614 5313 1746 5366 Doederl.
1764 5313 1870 5382 Synon.
