5092 6425
821 877 958 946 COMM.
979 878 1024 947 IN
1044 875 1171 946 SOMN.
1191 875 1290 944 SGlP.
1334 878 1409 943 LIB.
1434 880 1457 942 Ι.
1501 878 1590 947 GAP.
1612 884 1664 950 VI.
1786 888 1829 955 49

650 1052 719 1118 rius
749 1069 912 1125 numerus,
949 1047 981 1112 id
1008 1055 1056 1113 est
1083 1069 1121 1112 ex
1148 1046 1248 1112 tribus
1275 1047 1440 1132 generibus
1467 1050 1704 1118 conversionum
1731 1063 1763 1121 et
1790 1079 1827 1123 er

649 1143 802 1224 quattuor
823 1133 923 1198 modis
951 1132 1064 1219 quihus
1085 1153 1292 1218 unaquaeque
1320 1134 1519 1199 convertitur.
1562 1136 1603 1200 lli
1628 1147 1828 1206 cantantem

650 1229 802 1308 quattuor
825 1218 924 1282 modi:
963 1218 998 1281 fit
1020 1219 1103 1283 enirn
1130 1218 1228 1303 prima
1252 1217 1377 1283 humida
1403 1219 1515 1284 deinde
1538 1221 1635 1286 calida
1656 1222 1727 1288 inde
1750 1225 1829 1290 sicca

650 1316 686 1373 et
712 1305 750 1370 ad
772 1305 918 1370 ultimum
940 1302 1058 1388 frigida.
1107 1303 1150 1367 Et
1172 1303 1304 1367 maxima
1330 1305 1504 1381 conversio,
1532 1305 1562 1369 id
1583 1316 1630 1370 est
1650 1309 1738 1385 anni,
1771 1308 1881 1377 hu-oo

651 1391 736 1457 mida
758 1398 805 1455 ost
827 1409 922 1455 verno
943 1396 1093 1474 tempore,
1113 1388 1209 1452 calida
1227 1388 1354 1464 aestivo,
1373 1388 1451 1454 sicca
1470 1398 1627 1468 autumno,
1645 1392 1754 1478 frigida
1772 1411 1880 1480 perlae]

652 1478 799 1543 hiemem.
843 1474 948 1539 Media
971 1482 1074 1539 autem
1098 1473 1272 1551 conversio,
1296 1474 1426 1552 mensis,
1455 1496 1510 1559 per
1528 1475 1632 1541 lunam
1655 1478 1696 1542 ita
1718 1479 1767 1554 lit,
1793 1488 1830 1545 ut

653 1563 756 1650 prima
776 1560 817 1625 sit
837 1559 1007 1624 hebdomas
1029 1558 1171 1634 humida,
1197 1558 1270 1643 quia
1292 1579 1419 1623 nascens
1441 1559 1513 1624 luna
1533 1559 1694 1628 humorem
1717 1565 1829 1630 assolet

653 1648 822 1714 concitare:
844 1645 977 1710 secunda
995 1644 1101 1719 calida,
1119 1643 1313 1708 adolescente
1332 1644 1363 1707 in
1381 1644 1488 1708 eadem
1508 1645 1576 1710 luco
1595 1647 1634 1711 de
1652 1648 1724 1713 solis
1741 1670 1829 1734 aspe-

654 1741 722 1798 ctu:
743 1730 835 1796 tertia
855 1729 948 1806 sicca,
969 1730 1056 1815 quasi
1078 1729 1147 1813 plus
1169 1729 1207 1792 ab
1232 1737 1305 1794 ortu
1326 1737 1460 1794 remota:
1481 1738 1590 1815 quarta
1612 1731 1734 1816 frigida,
1755 1734 1828 1798 deli-

654 1819 756 1884 ciente
777 1816 837 1879 iam
858 1815 984 1880 lumine.
1027 1814 1132 1879 Tertia
1154 1834 1226 1878 vero
1245 1815 1419 1892 conversio,
1469 1836 1527 1880 uao
1547 1824 1595 1881 est
1616 1816 1705 1899 diei„
1721 1839 1830 1883 secun-

654 1904 731 1969 dum
754 1907 857 1966 ortum
879 1908 910 1965 et
931 1920 1072 1964 occasum
1095 1899 1137 1962 ita
1158 1898 1341 1983 disponitur,
1360 1899 1442 1984 quod
1486 1901 1591 1965 umida
1611 1901 1652 1966 sit
1672 1923 1772 1987 usque
1792 1903 1831 1968 ad

655 1988 789 2075 primam
813 1984 851 2049 de
870 1992 1016 2070 quattuor
1036 1983 1175 2068 partibus
1195 1991 1315 2068 partem
1338 1984 1409 2062 diei,
1430 1985 1527 2050 calida
1549 2007 1586 2051 us
1609 2007 1649 2051 ue
1667 1987 1705 2052 ad
1722 2009 1831 2054 secun-

656 2074 743 2148 dam,
772 2070 850 2135 sicca
871 2069 1030 2156 usquead
1052 2068 1191 2145 tertiam,
1219 2077 1328 2154 quarta
1350 2069 1409 2134 iam
1430 2069 1547 2156 frigida.
1623 2093 1735 2138 ceanus
1754 2094 1830 2159 quo·
1840 2078 1879 2145 61

657 2180 720 2244 que
739 2157 771 2221 in
788 2155 979 2220 incremento
998 2175 1055 2220 suo
1073 2153 1157 2218 bunc
1174 2174 1337 2219 numerum
1355 2161 1448 2220 tenet.
1490 2156 1569 2222 Nam
1587 2157 1687 2241 primo
1705 2179 1830 2223 nascen-

657 2244 699 2309 tis
721 2243 813 2306 lunae
834 2240 884 2304 dio
906 2240 941 2306 lit
962 2238 1116 2325 copiosior
1135 2239 1236 2314 solito,
1258 2239 1410 2306 minuitur
1430 2240 1585 2326 paulisper
1606 2242 1750 2320 secundo,
1774 2244 1831 2307 mi-

658 2346 832 2410 noremque
855 2346 926 2390 eum
950 2324 1033 2390 videt
1053 2323 1161 2389 tertius
1183 2345 1276 2409 quam
1297 2325 1465 2402 secundus,
1502 2337 1534 2390 et
1559 2326 1601 2390 ita
1626 2327 1831 2393 decrescendo

658 2413 698 2478 ad
722 2411 803 2476 diem
827 2411 992 2495 septimum
1018 2410 1170 2494 pervenit:
1211 2430 1320 2487 rursus
1341 2418 1467 2475 octavus
1488 2410 1553 2476 dies
1576 2421 1681 2477 manet
1699 2413 1831 2497 septimo

658 2519 731 2583 par,
760 2503 791 2560 et
809 2516 909 2561 nonus
932 2495 967 2560 [it
985 2493 1093 2559 similis
1110 2502 1211 2570 serto,
1239 2494 1376 2561 decimus
1398 2495 1522 2580 quinto,
1545 2502 1576 2561 et
1595 2496 1777 2561 undecimus
1797 2497 1832 2563 lit

659 2591 772 2669 quarto
794 2600 863 2665 par,
897 2580 1051 2665 tertioque
1073 2579 1289 2655 duodecimus,
1323 2588 1355 2645 et
1377 2580 1645 2646 tertiusdecimus
1667 2581 1774 2646 similis
1798 2582 1833 2647 fit

659 2667 804 2741 secundo,
825 2672 953 2750 quartus
974 2664 1111 2730 decimus
1133 2664 1248 2750 primo:
1270 2664 1362 2731 tortia
1381 2686 1455 2731 vero
1473 2664 1641 2730 hebdomas
1660 2667 1766 2731 eadem
1790 2667 1833 2732 la-

659 2753 703 2818 cit
725 2773 804 2839 quae
827 2751 941 2836 prima:
978 2757 1088 2835 quarta
1111 2749 1218 2815 eadem
1244 2771 1324 2835 quae
1353 2750 1494 2816 secunda.
1547 2751 1606 2815 llic
1628 2751 1761 2838 denique
1787 2754 1885 2819 ostili

660 2858 819 2911 numerus,
842 2834 896 2921 qui
918 2834 1077 2900 bominem
1097 2834 1216 2920 concipi
1239 2835 1365 2901 formari
1386 2836 1435 2901 edi
1455 2834 1557 2901 vivere
1574 2836 1614 2901 ali
1637 2857 1672 2902 ac
1693 2858 1749 2922 per
1768 2859 1834 2902 om·

661 2945 718 2989 nes
743 2929 878 2989 aetatum
906 2920 1020 3006 gradus
1049 2919 1129 2986 tradi
1155 2929 1297 2987 senectae
1320 2929 1413 3007 atque
1437 2921 1565 2987 omnino
1591 2929 1732 2988 constare
1754 2921 1835 2989 lacit

1394 3105 1397 3111 ’
1462 3112 1546 3174 [Edd.
1566 3088 1787 3182 vicobgepdzb.⁸

660 3195 736 3249 Bao.
770 3202 907 3266 septenos
923 3214 1047 3249 numeros
1063 3195 1262 3249 BSPRmvPs.
1279 3224 1315 3235 -
1336 3211 1368 3247 ev
1385 3194 1468 3248 tribus
1483 3199 1625 3265 generibvs
1642 3200 1838 3252 conversionum

661 3264 958 3331 Bsrrrav-goossss.;
983 3265 1118 3332 „scriptis
1140 3272 1169 3317 ot
1187 3264 1300 3316 omnino
1318 3264 1359 3315 sic
1378 3263 1463 3314 scribi
1483 3268 1595 3316 debet.“
1616 3267 1703 3317 Gron.
1737 3284 1769 3317 cs
1786 3267 1837 3318 tri-

662 3336 712 3385 bvs
731 3334 924 3383 conversionum
941 3333 1010 3396 (orn.
1026 3333 1180 3402 generibus)
1199 3332 1277 3383 Pon.
1312 3347 1344 3383 er
1360 3331 1445 3383 tribvs
1459 3333 1688 3385 conversionibus
1706 3332 1736 3384 F.
1752 3360 1785 3371 -
1801 3330 1839 3382 m·

663 3409 753 3453 autem
771 3408 833 3452 svnt
851 3402 955 3452 numeri
977 3402 1052 3469 (sup.
1070 3402 1157 3467 modi)
1175 3399 1207 3451 ll.
1362 3403 1404 3449 60.
1439 3406 1553 3467 tempore
1569 3417 1649 3451 verno
1667 3402 1717 3451 Ra.
1736 3427 1770 3436 -
1789 3416 1839 3467 per

663 3470 774 3521 hiemem
786 3468 897 3536 frigida
913 3466 945 3518 F.
962 3495 995 3506 -
1011 3470 1107 3519 mensis
1125 3466 1257 3519 convmio
1277 3467 1328 3517 Ra.
1363 3468 1508 3529 conversio,
1530 3468 1565 3518 id
1583 3476 1630 3520 est
1650 3468 1747 3519 mensis
1764 3467 1839 3531 „Mn

664 3536 835 3588 Oxoniensis
862 3534 1052 3588 occasionum
1081 3536 1165 3587 Gron.
1191 3534 1238 3601 qui
1268 3534 1379 3585 confert
1403 3534 1431 3585 in
1457 3535 1700 3586 antecedentibose
1732 3536 1766 3586 id
1790 3543 1839 3597 est

665 3604 742 3656 anni.
764 3632 791 3641 -
809 3605 847 3669 fit
864 3604 903 3655 ita
919 3602 950 3653 F.
969 3632 1003 3641 -
1026 3604 1188 3655 ebdomada
1205 3603 1316 3654 bremide
1333 3601 1384 3653 Rl.
1418 3602 1527 3653 bamida
1547 3604 1669 3655 ebdomas
1686 3604 1737 3654 Ra.
1756 3628 1788 3640 -
1804 3602 1840 3653 e'n

664 3673 758 3723 endem
776 3671 927 3738 (colono)
945 3670 1167 3722 novensem.
1203 3669 1583 3737 eadem(om.in)FBnn.la.
1618 3672 1646 3722 in
1665 3689 1697 3723 ea
1715 3672 1779 3722 iem
1796 3668 1840 3719 Rs

664 3739 769 3791 EddP.
810 3740 874 3790 iam
897 3739 965 3802 (om.
991 3740 1020 3790 in
1043 3740 1090 3804 eo)
1113 3737 1142 3789 S.
1169 3765 1203 3777 -
1231 3739 1342 3789 desole
1364 3744 1472 3806 aspecta
1497 3738 1529 3788 B.
1556 3766 1590 3777 -
1616 3740 1685 3806 qnia
1708 3740 1771 3806 plus
1792 3744 1840 3789 cst

664 3807 768 3871 „Bam
803 3807 884 3873 Quod
909 3805 1101 3858 indubitanter
1122 3804 1241 3872 occipio.
1276 3805 1346 3858 Nam
1368 3806 1494 3872 prolecto
1517 3806 1652 3859 rationem
1678 3808 1725 3858 dat
1748 3806 1843 3857 vorio-

663 3875 765 3937 tionis,
789 3891 843 3926 nrm
862 3873 1036 3934 hariolator,
1065 3880 1094 3925 ot
1112 3872 1152 3924 ito
1172 3875 1206 3925 de
1225 3872 1316 3941 prima
1335 3874 1510 3924 hebdomade
1528 3875 1681 3940 loquitor.“
1702 3876 1789 3926 Gron.
1809 3900 1842 3910 -

670 3945 761 3995 Tertio
783 3944 851 4008 (om.
869 3947 944 4001 vero)
965 3940 984 3992 S
1005 3940 1101 4005 (croso
1119 3940 1166 4005 F).
1188 3967 1221 3980 -
1242 3942 1353 3993 humide
1366 3944 1412 4008 sie
1429 3941 1461 3991 F.
1488 3970 1519 3979 -
1542 3944 1665 4009 partibvs
1682 3943 1736 3993 diei
1752 3948 1842 4008 parte

665 4012 720 4062 Rr.
746 4038 779 4047 -
807 4026 890 4076 usqne
914 4009 1056 4060 secondom
1079 4008 1149 4074 (orn.
1172 4009 1223 4075 vd)
1245 4008 1277 4058 F.
1439 4013 1482 4058 61.
1522 4010 1550 4059 in
1573 4017 1711 4061 cremento
1733 4009 1842 4072 „Mss.“

665 4079 750 4129 Gran.
771 4078 817 4143 qni
838 4078 947 4128 crvnlert
965 4076 1039 4127 inira
1060 4076 1130 4141 5134
1151 4077 1179 4127 in
1200 4075 1337 4129 crementis
1353 4075 1382 4126 in
1400 4076 1460 4126 eois
1474 4076 1551 4137 blan,
1571 4086 1599 4127 et
1617 4076 1721 4126 Favon.
1741 4075 1842 4139 Eulog.

665 4146 705 4212 [p.
725 4150 774 4197 407
798 4145 873 4209 0r.]:
896 4146 1176 4211 dicrvmnoclivmpve
1194 4152 1333 4195 cremento.
1350 4142 1520 4193 .Sclvoliost.
1539 4142 1699 4193 Germanici
1724 4145 1753 4191 et
1774 4140 1843 4191 vur-

665 4220 743 4280 gent.
768 4213 818 4263 lib.
841 4213 884 4272 ll,
907 4213 963 4263 lob.
983 4213 1033 4262 ule.
1052 4212 1125 4272 (bis)
1148 4212 1284 4263 crementis
1301 4211 1395 4271 lenae,
1426 4210 1493 4261 ibid.
1512 4210 1546 4259 de
1565 4209 1667 4259 contin.
1686 4208 1786 4275 virgil.
1806 4207 1843 4257 od

665 4282 729 4333 boni
747 4288 890 4341 memento,
909 4287 938 4331 et
956 4280 1028 4344 apud
1048 4279 1121 4330 Plin.
1140 4278 1173 4331 N.
1192 4279 1228 4328 ll.
1247 4278 1301 4340 lll,
1320 4282 1354 4329 ³7
1372 4275 1404 4342 [s.
1423 4282 1472 4339 55,
1491 4277 1504 4341 ᾗ
1525 4276 1593 4343 lab]
1612 4293 1645 4327 ex
1664 4276 1725 4327 cod.
1746 4273 1843 4325 chiffl.

665 4355 696 4400 et
721 4347 798 4398 [reid.
820 4348 857 4398 cd
878 4355 1009 4399 crementa
1032 4347 1127 4409 lanae,
1151 4352 1179 4397 et
1201 4345 1296 4397 varias
1317 4345 1454 4395 lectiones
1478 4344 1500 4393 l.
1520 4344 1672 4412 Bongarsii
1689 4343 1724 4395 od
1743 4341 1843 4394 lrvstin.

666 4414 764 4477 xxm,
781 4430 841 4481 cnp.
857 4417 888 4477 2,
911 4421 942 4474 et,
958 4415 1146 4466 membranam
1166 4413 1245 4464 Leid.
1286 4415 1323 4465 at
1341 4412 1415 4479 apnd
1434 4411 1625 4473 Macrobiom,
1648 4418 1679 4464 nt
1695 4411 1767 4479 epod
1786 4427 1845 4461 mo·

664 4484 756 4536 liores
775 4482 828 4533 lros
848 4482 1008 4548 scriptores,
1027 4484 1055 4534 in
1074 4499 1090 4533 n
1113 4481 1238 4532 librariis
1255 4487 1337 4546 putat
1354 4479 1497 4529 omissum.
1534 4480 1676 4546 (Spatium
1697 4479 1845 4531 minimum

664 4550 799 4604 relictum
823 4556 866 4601 est
891 4550 920 4601 in
944 4550 998 4612 L23
1032 4551 1139 4601 nullum
1167 4548 1195 4599 in
1219 4546 1552 4610 onrsL1v⁷sBsnBsn3
1587 4548 1659 4600 inls
1684 4548 1713 4599 in
1736 4545 1846 4598 adscri-

666 4626 746 4687 ptum
768 4624 824 4679 ast3
857 4616 884 4668 in
905 4618 960 4667 Vm
977 4618 1085 4685 legitur·
1103 4618 1132 4667 in
1150 4615 1331 4681 incremento).
1370 4616 1398 4666 in
1417 4615 1527 4665 increta
1550 4620 1625 4681 (sup.
1644 4621 1717 4675 men)
1740 4614 1790 4665 Ra.
1811 4640 1846 4653 -

666 4689 742 4739 videt
757 4704 816 4737 eum
834 4686 1023 4737 vanavana.
1046 4714 1073 4723 -
1092 4700 1145 4753 par
1161 4684 1271 4751 septimo
1288 4684 1339 4732 Ra.
1358 4707 1391 4720 ·-
1409 4682 1504 4733 similis
1512 4685 1550 4749 fit
1566 4690 1638 4735 serlo
1657 4683 1690 4733 G.
1709 4709 1744 4721 -
1760 4682 1846 4733 vnde·
1937 4747 1939 4750 v

667 4757 752 4807 cimus
769 4756 837 4817 (orn.
856 4755 894 4818 et)
912 4754 945 4803 B.
964 4782 992 4791 -
1012 4760 1105 4820 qaerto
1120 4768 1172 4819 par
1189 4752 1258 4816 (orn.
1268 4752 1320 4817 fit)
1338 4750 1370 4801 Ρ.
1405 4758 1499 4817 paorto
1506 4752 1544 4816 fit
1559 4768 1611 4818 per
1621 4751 1673 4802 Rl.
1702 4752 1740 4816 fit
1753 4756 1847 4817 pvarto

668 4824 748 4889 (sup.
773 4822 836 4871 add.
855 4822 921 4888 par)
945 4820 996 4871 Ra.
1026 4849 1061 4860 -
1093 4820 1220 4887 tertioque
1244 4817 1402 4869 BFSRraG
1424 4817 1622 4885 „Anglicani.“
1670 4819 1748 4871 lertio
1769 4834 1847 4883 pvo-

666 4906 719 4959 qoc
737 4888 903 4940 Eddl’llan.
928 4914 963 4927 -
984 4888 1211 4940 tertiusdecimus
1233 4887 1303 4951 (om.
1320 4888 1359 4947 et)
1379 4884 1413 4935 B.
1436 4913 1470 4923 -
1494 4887 1588 4941 similis
1596 4888 1635 4955 fit
1656 4904 1710 4938 om.
1734 4883 1766 4934 F.
1811 4885 1848 4949 fil

667 4958 765 5011 similis
786 4956 955 5007 everam.
979 4983 1008 4993 -
1031 4956 1123 5007 eadem
1148 4957 1217 5022 (om.
1235 4954 1323 5020 facit)
1347 4953 1370 5021 l}
1395 4952 1504 5019 ,,Μιι.“
1672 4958 1716 5006 62.
1754 4967 1848 5003 neme·

706 5150 749 5196 60.
787 5144 865 5211 pansi
890 5145 952 5212 plas
979 5146 1012 5195 ab
1039 5152 1099 5197 ortu
1125 5143 1235 5209 romola]
1289 5140 1374 5193 tertia
1393 5139 1499 5193 mensis
1522 5145 1601 5208 parto
1619 5143 1686 5194 lona
1710 5138 1766 5191 dici
1786 5139 1849 5205 pot-

669 5213 809 5281 Tempus,
827 5211 1025 5278 quonascitur
1043 5212 1118 5274 luno,
1136 5228 1237 5263 nonve
1289 5216 1333 5261 est
1351 5210 1442 5268 sicce,
1472 5211 1550 5275 qnasi
1572 5211 1608 5261 ab
1633 5217 1709 5272 ortu,
1739 5206 1786 5272 qni
1805 5204 1849 5255 al·

669 5296 740 5334 vero
763 5279 825 5333 cius
850 5287 929 5333 ortus
957 5285 1016 5334 erl:
1047 5279 1144 5346 itaque
1168 5295 1237 5331 sone
1288 5278 1365 5330 ferre
1383 5277 1514 5330 videatur
1532 5276 1840 5339 humoremaemom·

1692 5366 1718 5425 b
