5092 6425
679 911 722 979 ao
1131 983 1133 987 ,
1157 896 1366 968 usonem

680 1097 811 1169 quarm
829 1074 928 1161 prima
949 1076 996 1136 est
1015 1068 1103 1148 ratio,
1122 1088 1215 1154 quam
1235 1061 1421 1150 λογιστικὸν
1439 1062 1609 1214 ρρρσΙΙτηῑε
1628 1062 1763 1129 secunda
1783 1066 1846 1131 eni-

679 1165 814 1238 nasius,
837 1180 929 1245 quam
951 1150 1095 1237 θυμικὸν
1117 1160 1240 1219 vocant:
1264 1153 1355 1218 tertia
1375 1149 1445 1236 cupi
1468 1151 1534 1224 itas,
1556 1169 1635 1234 quae
1658 1147 1846 1234 ἐπνθνμηττ·

630 1245 740 1319 43αὸν
762 1251 965 1329 nuncupatur.
1007 1241 1086 1304 Item
1112 1238 1216 1303 mdlus
1237 1237 1411 1322 sapientum
1433 1235 1566 1300 animam
1590 1255 1629 1299 ex
1656 1235 1847 1320 symphoniis

680 1354 806 1423 quaeque
834 1326 958 1394 musicis
986 1322 1157 1388 constitisse
1183 1322 1342 1388 dubitavit.
1384 1322 1470 1384 lnter
1489 1319 1544 1384 bas
1569 1340 1631 1383 non
1680 1339 1772 1384 arvae
1795 1341 1847 1406 po·

678 1420 795 1489 antiae
814 1421 861 1480 est
880 1430 960 1497 quae
981 1408 1092 1473 dicitur
1113 1403 1167 1472 διά
1188 1409 1311 1470 πασῶν.
1354 1407 1439 1470 llaec
1460 1411 1579 1469 constat
1596 1424 1634 1468 ex
1657 1341 1795 1482 duabus,
1818 1404 1848 1470 id

680 1512 730 1572 est
747 1495 803 1567 διά
824 1492 989 1579 τεσσάρων
1010 1500 1042 1558 et
1063 1487 1118 1557 διὰ
1138 1488 1252 1556 πέντε
1291 1492 1327 1556 fit
1346 1498 1450 1555 autem
1472 1484 1527 1553 διὰ
1548 1484 1643 1553 πέντε
1670 1510 1709 1555 ex
1730 1489 1848 1556 bemio
1937 1512 1940 1541 ι

681 1589 734 1665 lie,
754 1594 787 1653 et
808 1584 842 1648 lit
861 1576 917 1646 duci
935 1573 1102 1662 reaccipere
1122 1597 1160 1642 ex
1182 1575 1323 1661 epitrito:
1343 1583 1374 1641 et
1394 1581 1442 1640 est
1461 1573 1580 1659 primus
1600 1573 1766 1640 hemiolius
1787 1575 1849 1640 tria
1936 1562 1939 1590 ¹

681 1681 715 1740 et
740 1671 858 1758 primm
884 1662 1026 1750 epitritus
1054 1670 1213 1747 quattuor:
1254 1661 1338 1746 quod
1365 1660 1455 1746 quale
1483 1658 1523 1724 sit
1549 1679 1606 1724 suo
1631 1658 1700 1724 loco
1728 1660 1849 1744 planius

630 1757 881 1842 44exequemur.
922 1749 1006 1831 Ergo
1030 1768 1069 1812 ex
1095 1746 1143 1811 his
1164 1744 1285 1811 duobus
1305 1744 1442 1811 numeris
1466 1751 1586 1808 constat
1605 1739 1661 1808 ded
1681 1740 1848 1829 τεσσάρων

682 1849 716 1909 σ1
734 1835 790 1904 διὰ
809 1832 920 1901 πάντα·
947 1852 985 1896 ex
1007 1832 1119 1930 quibus
1143 1826 1198 1895 διά
1217 1831 1332 1894 πασῶν
1355 1827 1536 1978 spmpbonia
1558 1835 1741 1912 generatur:
1764 1829 1848 1895 unde

681 1923 828 2010 virgilius
854 1916 968 1983 nullius
990 1916 1167 2002 disciplinae
1188 1936 1313 2000 expers,
1352 1935 1442 1999 pene
1467 1920 1499 1979 et
1527 1934 1582 1998 per
1611 1913 1715 1979 omnia
1740 1915 1850 1980 beatos

631 2009 855 2095 ddesprimere
872 2002 987 2077 rolens,
1004 2001 1060 2067 ait:
1084 2001 1112 2066 0
1128 2013 1228 2087 terque
1244 2012 1403 2087 quaterque
1423 1999 1506 2063 beat.
1548 1998 1634 2064 Haec
1651 1998 1690 2063 de
1709 1999 1849 2085 partibus

682 2090 846 2181 septenarii
867 2085 989 2153 numeri
1010 2093 1162 2151 sectantes
1183 2084 1364 2170 compendia
1383 2083 1532 2148 diximus:
1571 2083 1610 2148 de
1632 2083 1699 2169 ipso
1720 2104 1850 2170 quoque

681 2200 778 2269 pauca
796 2177 943 2242 dicemus.
985 2172 1043 2237 llic
1064 2191 1211 2238 numerus
1232 2165 1329 2246 ἑπτάς
1350 2189 1432 2235 nunc
1455 2175 1580 2235 vocatur
1602 2167 1762 2253 antiquato
1786 2189 1850 2234 usu

703 2265 799 2332 dmae
828 2261 962 2327 litterae:
999 2257 1081 2343 apud
1113 2265 1233 2322 veteres
1260 2255 1344 2322 enim
1371 2249 1486 2328 σεπτάς
1517 2252 1724 2332 vocitabatur,
1809 2252 1850 2318 od

682 2286 801 2418 diraeco
822 2345 948 2411 nomine
969 2343 1139 2408 testabatur
1166 2340 1396 2439 venerationem
1424 2337 1558 2403 debitam
1588 2358 1727 2402 numero.
1790 2359 1850 2436 ,am

631 2423 1483 2584 ..ttt.:.:mtt::.l⁰ttttt⁰attttmttlt:
1502 2429 1741 2573 ttttttttt
1768 2429 1852 2572 :tlt

630 2599 809 2685 [sstnumeri
831 2596 869 2661 ab
891 2593 998 2659 eadem
1020 2614 1059 2658 ex
1079 2600 1211 2678 utraque
1232 2602 1318 2677 parte
1339 2592 1509 2667 lluxerunt,
1538 2591 1576 2656 ab
1599 2591 1656 2656 bac
1678 2611 1785 2676 pares,
1811 2591 1851 2656 ab

682 2685 735 2754 illa
755 2683 893 2766 inpares:
915 2677 946 2742 id
966 2685 1027 2753 est,
1049 2685 1119 2762 post
1140 2677 1301 2742 monadem
1323 2696 1341 2741 a
1362 2684 1448 2762 parte
1469 2676 1564 2741 altera
1584 2676 1647 2742 duo
1670 2676 1742 2741 inde
1762 2685 1852 2762 quat-

681 2778 754 2837 tuor
774 2763 885 2830 deinde
906 2770 985 2839 octo,
1007 2761 1045 2826 ab
1068 2761 1163 2826 altera
1181 2781 1255 2827 vero
1276 2768 1363 2846 parte
1382 2761 1440 2825 tria
1461 2759 1572 2825 deinde
1594 2781 1704 2826 novem
1726 2767 1759 2826 et
1779 2761 1852 2826 inde

682 2851 789 2952 viginti
818 2854 950 2932 septem:
988 2854 1079 2911 etex
1101 2845 1306 2911 bisnumeris
1334 2844 1410 2910 lacta
1436 2844 1592 2911 contextio
1619 2846 1852 2930 generationem

631 2943 673 3010 41
683 2956 803 3007 animae
831 2932 959 3031 imperio
983 2930 1128 2996 creatoris
1154 2930 1264 2996 effecit
1306 2931 1378 2996 Non
1400 2951 1493 3015 parva
1514 2951 1588 3016 ergo
1613 2929 1686 2996 binc
1712 2932 1853 3017 potentia

682 3019 804 3091 numeri
829 3019 922 3083 buius
946 3014 1133 3092 ostenditur,
1172 3016 1244 3100 quia
1270 3013 1443 3080 mundanae
1473 3015 1594 3080 animae
1618 3015 1705 3101 origo
1733 3024 1854 3102 septem

683 3106 797 3176 linibus
823 3102 1012 3168 continetur:
1052 3107 1169 3187 septem
1197 3120 1322 3186 quoque
1343 3100 1518 3185 vagantium
1544 3099 1743 3185 sphaerarum
1771 3101 1853 3167 ordi-

683 3214 755 3263 nem
777 3189 821 3256 illi
842 3187 1006 3254 stelliferas
1029 3194 1061 3252 et
1081 3205 1189 3252 omnes
1209 3185 1379 3251 continenti
1400 3185 1531 3251 subiecit
1556 3184 1665 3252 artilex
1690 3184 1854 3253 fabricato-

683 3280 726 3347 ris
753 3274 962 3362 providentia,
999 3292 1079 3358 quae
1100 3278 1132 3337 et
1151 3270 1318 3358 superioris
1345 3269 1457 3355 rapidis
1479 3270 1614 3337 motibus
1635 3271 1798 3337 obviarent
1823 3280 1856 3339 et

631 3365 674 3435 48
683 3361 830 3434 interiora
849 3359 954 3427 omnia
974 3358 1191 3444 gubernarent
1232 3358 1352 3423 Lunam
1374 3376 1514 3442 quoque,
1541 3355 1630 3441 quasi
1656 3376 1695 3422 ex
1722 3355 1784 3423 illis
1806 3379 1855 3425 se·

751 3516 821 3570 Mss.
843 3512 1109 3574 suspectuosae]

783 3601 826 3649 42.
864 3597 1005 3666 logisticoss
1027 3596 1097 3646 Μαι.
1124 3617 1158 3631 -
1185 3591 1318 3659 tquicoss
1343 3591 1395 3644 na.
1433 3593 1567 3646 tiritaicass
1589 3593 1640 3645 m.
1681 3593 1801 3647 timicass
1819 3593 1854 3647 F.

682 3664 834 3735 melicae
855 3663 884 3713 S.
910 3690 945 3703 -
973 3660 1171 3729 epitlsqmeticoa
1193 3660 1244 3710 Ra.
1323 3660 1491 3725 qtbs'saeticms
1518 3661 1570 3711 Bt.
1614 3662 1797 3727 epqtiareticass
1819 3662 1853 3713 Β.

783 3732 826 3780 43.
864 3730 912 3780 lta
927 3728 975 3779 Pa.
993 3756 1027 3766 -
1048 3727 1215 3794 sapientium
1232 3727 1301 3778 RlG
1328 3742 1374 3778 ss.
1394 3754 1422 3764 —
1448 3723 1494 3779 διὰ
1512 3727 1610 3779 πασῶν
1628 3729 1684 3778 c·b.
1720 3730 1855 3797 diapason

681 3795 792 3851 usuri.
806 3822 838 3833 -
856 3790 902 3845 daal
918 3789 1055 3860 τεσσάρων
1068 3793 1125 3843 c-b.
1160 3794 1326 3846 diatessaron
1342 3792 1444 3844 FSPG.
1480 3793 1640 3847 diatesseron
1658 3795 1854 3848 bareumi.

681 3889 717 3906 -
728 3857 775 3915 dade
791 3856 870 3912 πέντε
885 3862 942 3911 c·b.
978 3860 1101 3927 diapente
1116 3858 1222 3910 Μηνὶ.
1240 3887 1267 3897 -
1280 3862 1317 3925 fit
1332 3876 1387 3911 em.
1397 3861 1449 3911 Rl.
1464 3888 1498 3900 -
1515 3864 1639 3929 diapente
1653 3861 1721 3915 bles.
1736 3869 1765 3916 et
1783 3865 1854 3915 uad.

684 3957 713 3972 -·
736 3929 902 3982 diatessaron
922 3925 1022 3988 (etiam
1045 3925 1134 3986 intra)
1158 3925 1310 3978 c-ot'sue.
1358 3927 1530 3981 diatesseron
1553 3929 1652 3990 (etium
1672 3927 1760 3991 intra)
1785 3932 1853 3983 BRl

682 3996 783 4050 Bau-vi
803 3996 860 4062 (stu
878 3994 966 4048 semel
984 3999 1039 4054 ar).
1056 4021 1091 4033 -
1108 4010 1155 4044 suo
1170 3993 1293 4111 locopci.
1310 3992 1415 4047 comm.
1434 3995 1475 4060 11,
1493 3999 1572 4058 1,14
1590 4014 1650 4063 sqq.
1682 3998 1738 4050 loco
1755 4015 1803 4051 suo
1821 3997 1854 4049 ll.

681 4093 716 4106 —
737 4066 847 4132 planius
874 4059 1226 4115 uratur-sennanim
1252 4062 1314 4111 lvs.
1353 4063 1458 4129 plenius
1482 4063 1599 4129 Siler-g
1624 4063 1711 4125 „libri
1734 4069 1854 4117 omnes“

682 4132 769 4188 (drea.
785 4133 832 4200 qui
849 4132 958 4185 coalert
977 4148 1001 4182 e.
1018 4130 1044 4193 4,
1062 4127 1075 4193 ᾗ
1094 4132 1133 4191 5.;
1162 4146 1185 4179 c.
1204 4129 1258 4194 Μ
1278 4132 1335 4193 lo.;
1361 4146 1385 4180 c.
1406 4132 1446 4193 14,
1464 4130 1478 4195 ,ρ
1494 4134 1519 4180 2.
1538 4130 1657 4192 (bulla.)
1810 4134 1854 4184 44.

678 4201 769 4270 pisae
791 4199 836 4253 ch.
987 4200 1030 4250 45.
1065 4197 1223 4248 Hosccuas
1240 4197 1273 4248 de
1291 4196 1324 4246 B.
1343 4224 1377 4235 -
1399 4197 1563 4249 dixerimus
1579 4198 1652 4249 Bes.
1680 4224 1707 4236 -
1736 4198 1855 4252 dicmur

678 4284 769 4337 ματα
790 4268 822 4319 F.
848 4295 875 4306 -
900 4262 984 4326 ἑπτὰς
1005 4264 1110 4331 {leg-b.
1146 4271 1225 4332 eptas
1245 4263 1385 4315 BFSRlss.
1420 4263 1514 4331 beptas
1534 4264 1607 4315 vion.
1641 4264 1741 4316 teitus
1766 4267 1795 4316 ls.
1823 4294 1853 4306 -

681 4337 756 4403 apud
769 4342 868 4388 ueteres
885 4342 990 4383 autem
1003 4332 1052 4382 111.
1069 4359 1103 4369 -
1120 4339 1210 4398 septas
1227 4332 1295 4381 bles.
1313 4336 1341 4382 et
1358 4330 1427 4381 Edd.
1445 4357 1473 4368 —
1491 4332 1658 4384 vocitabatur
1676 4332 1744 4383 Μαι.
1763 4332 1853 4397 (Bne.

680 4402 852 4464 vecabatur)
870 4398 1052 4449 btwt'ssltdd.
1088 4400 1328 4466 nuncupabatur
1346 4398 1456 4463 ‚‚Mss.“
1474 4398 1560 4449 Gran.
1580 4398 1698 4464 (cava.)
1716 4426 1750 4439 —
1768 4418 1854 4468 gene-

680 4474 743 4519 ssta
757 4473 832 4517 suut
850 4472 926 4532 (sap.
944 4469 995 4525 cst)
1013 4463 1065 4517 111.
1100 4473 1215 4518 creata
1231 4472 1268 4517 est
1287 4463 1368 4516 11.-
1386 4465 1508 4517 timaeus
1535 4466 1571 4517 cl.
1585 4484 1611 4533 p.
1626 4468 1669 4516 36.
1688 4493 1715 4503 -·
1733 4468 1855 4534 platanis

681 4532 776 4585 tissesa
800 4530 832 4582 B.
985 4533 1028 4581 46.
1068 4548 1100 4583 ea
1118 4540 1231 4599 utraque
1249 4538 1328 4599 parte
1345 4531 1379 4583 ab
1398 4531 1490 4583 eadem
1533 4532 1562 4584 S.
1582 4559 1615 4571 -
1639 4532 1744 4584 deiude
1762 4536 1855 4588 llllnr

681 4598 748 4651 inde
764 4598 816 4648 112.
834 4624 862 4636 -
882 4597 977 4649 deiude
994 4598 1106 4650 XXVII
1120 4605 1194 4665 (sup.
1211 4598 1276 4652 add.
1295 4604 1334 4658 et)
1351 4599 1401 4650 Rl.
1417 4624 1450 4637 -
1468 4600 1512 4650 Er
1530 4600 1572 4651 bis
1588 4604 1657 4660 (om.
1673 4605 1712 4659 et)
1729 4599 1854 4670 FSrisg.

684 4689 713 4704 -
732 4664 823 4729 efficit
843 4664 964 4730 Harisg.
1115 4668 1157 4717 41.
1192 4665 1296 4717 numeri
1312 4666 1390 4717 tuias
1404 4668 1525 4733 potentia
1541 4666 1573 4719 F.
1595 4694 1621 4704 -
1643 4667 1752 4719 ordines
1768 4668 1800 4720 Γ.
1818 4698 1855 4710 -

681 4731 827 4784 creatoris
843 4736 918 4798 (sup.
931 4730 1119 4797 fabricatoris)
1137 4732 1189 4784 lm.
1210 4759 1246 4773 -
1266 4733 1400 4801 superiori
1416 4732 1469 4784 m.
1622 4734 1665 4783 48.
1701 4737 1779 4801 quasi
1797 4736 1853 4787 del.

714 4862 760 4914 48.
793 4862 885 4914 asilus
906 4861 1053 4928 sapientum
1131 4862 1239 4916 dubita·
1290 4863 1462 4930 uacationes]
1498 4857 1574 4929 „dat
1606 4864 1657 4915 cosi
1692 4860 1874 4933 uaccam

680 4926 730 4994 eit]
762 4928 939 4994 „Praecipue
966 4933 1059 4977 tumen
1084 4927 1139 4979 bac
1162 4931 1240 4982 oille-
1291 4931 1402 4983 carrea.
1752 4987 1754 4989 ,

681 5001 829 5065 mprscnat
862 4993 1042 5063 Pythagoras
1074 5000 1103 5045 et
1141 4994 1240 5048 Philo·
1324 5001 1367 5049 411.
1403 4995 1597 5061 manaucate]
1626 4993 1705 5050 cant.
1724 5015 1786 5067 sup.
1804 5001 1855 5067 Μ

681 5059 776 5114 leus.“
793 5063 884 5114 Goon.
919 5061 1024 5111 Eadem
1042 5074 1075 5110 ac
1092 5059 1120 5110 b.
1140 5061 1160 5113 l.
1177 5078 1241 5113 van·
1291 5079 1366 5130 seqq.
1386 5070 1414 5115 st
1431 5064 1487 5113 vid.
1506 5061 1555 5129 fig.
1574 5065 1600 5111 l.

680 5125 781 5186 boram
812 5126 983 5182 constructio
1009 5126 1152 5179 invenitur
1181 5128 1240 5182 Set.
1325 5132 1369 5181 st.
1417 5137 1515 5196 septen
1551 5144 1654 5194 quaque
1689 5134 1854 5198 uagantium

681 5192 804 5259 111,1e‚
827 5201 852 5250 4.
1291 5195 1463 5262 sphaerarum
1546 5194 1692 5262 obviarent]
1714 5198 1789 5263 ct.§
1811 5204 1852 5253 18.

714 5262 757 5315 45.
795 5266 896 5320 Graeca
911 5260 1015 5318 nominc
1030 5260 1177 5316 testabatur
1192 5277 1239 5317 sc·
1289 5263 1351 5317 idea
1373 5269 1399 5317 et
1422 5262 1460 5315 ad
1484 5276 1592 5330 sagus
1617 5264 1795 5318 sscttaruu
1822 5274 1854 5322 et
