5092 6425
704 906 766 975 rso
907 980 911 987 ,
1187 902 1396 972 uscnoau
1459 876 1462 885 '

703 1077 850 1162 Virgilius
875 1074 1009 1160 denique
1031 1073 1067 1138 ad
1095 1072 1311 1138 discretionem
1341 1073 1456 1140 lunaris
1484 1074 1571 1150 anni,
1610 1075 1665 1159 qui
1693 1075 1801 1142 brevis
1829 1085 1889 1156 est,

702 1184 820 1229 annum
845 1161 898 1247 qui
921 1181 1013 1225 cursu
1036 1158 1109 1224 solis
1131 1159 1262 1224 efficitur
1285 1159 1456 1243 significare
1479 1158 1585 1224 volens
1607 1161 1665 1224 ait:

787 1249 905 1312 Interea
925 1266 1068 1330 mcpoum
1094 1246 1140 1309 sol
1160 1246 1402 1310 circumvolvitur
1423 1267 1547 1321 conum,

674 1337 817 1399 lannum
846 1352 991 1416 magnum
1012 1351 1123 1395 vocans
1144 1329 1217 1394 solis
1240 1330 1470 1416 comparatione
1492 1329 1616 1394 lunaris.
1663 1330 1744 1394 Nam
1769 1352 1884 1397 cursus

702 1419 827 1505 quidem
851 1416 981 1481 Veneris
1001 1423 1098 1505 atque
1115 1415 1261 1480 Mercurii
1284 1436 1382 1503 paene
1409 1437 1464 1500 par
1485 1415 1542 1479 soli
1566 1424 1627 1479 est:
1667 1415 1782 1481 Martis
1805 1438 1883 1483 vero

700 1524 801 1568 annus
822 1501 886 1567 lere
905 1499 1064 1566 biennium
1085 1508 1180 1578 tenet,
1201 1508 1288 1566 tanto
1310 1501 1392 1565 enim
1416 1509 1555 1585 tempore
1576 1501 1695 1565 caelum
1717 1502 1881 1567 circumit:

701 1589 785 1654 lovis
807 1596 910 1653 autem
933 1586 1020 1651 stello
1042 1585 1203 1651 duodecim
1225 1595 1257 1650 et
1279 1585 1404 1651 Saturni
1430 1586 1554 1670 triginta
1580 1607 1677 1651 annos
1704 1587 1736 1650 in
1766 1589 1882 1653 eadem

673 1673 883 1739 Scircuitione
902 1671 1064 1736 consumit.
1119 1673 1204 1737 llaec
1224 1671 1261 1736 cle
1283 1671 1452 1736 luminibus
1473 1693 1508 1735 ac
1529 1673 1627 1755 vagis,
1657 1679 1692 1736 ut
1711 1693 1805 1758 saepe
1828 1695 1881 1738 re-

702 1760 777 1836 lata,
813 1758 873 1822 iam
902 1765 974 1822 nota
1003 1765 1084 1823 sunt.
1142 1761 1252 1822 Annus
1273 1777 1348 1822 vero
1372 1756 1425 1842 qui
1449 1757 1623 1822 mundanus
1643 1766 1783 1834 vocatur,
1818 1759 1879 1844 qui

700 1866 770 1908 ocra
788 1855 902 1908 valeres
928 1850 990 1918 est,
1027 1841 1099 1927 quia
1125 1842 1326 1907 conversione
1354 1842 1462 1927 plenae
1492 1842 1701 1908 universitatis
1731 1843 1879 1922 allicitur,

672 1927 881 2012 lllargissimis
902 1927 1013 1993 seculis
1034 1927 1217 2013 explicatur:
1236 1927 1324 1992 cuius
1346 1928 1424 1992 ratio
1445 1927 1515 1992 talis
1532 1936 1587 1992 est.
1630 1927 1744 1993 Stellae
1765 1950 1878 1994 omnes

702 2022 734 2078 et
755 2013 855 2078 sidera
877 2033 956 2098 quae
980 2011 1072 2077 infixa
1096 2013 1179 2078 caclo
1204 2013 1361 2090 videntur,
1405 2033 1537 2097 quorum
1568 2013 1727 2099 proprium
1752 2022 1877 2080 motum

703 2118 872 2185 numquam
895 2097 977 2164 visus
1004 2097 1158 2163 humanus
1181 2099 1295 2162 sentire
1323 2099 1369 2164 vel
1396 2098 1625 2184 deprehendere
1654 2107 1774 2183 potest,
1809 2121 1878 2165 mo-

702 2193 814 2250 ventur
834 2191 948 2261 tamem
971 2191 1003 2247 et
1025 2190 1148 2270 praeter
1169 2184 1243 2248 caeli
1268 2183 1498 2261 volubilitatem,
1520 2205 1580 2269 qua
1602 2204 1724 2268 semper
1746 2184 1877 2250 trahun-

702 2279 763 2347 tur,
783 2290 840 2334 suo
862 2289 986 2354 quoque
1009 2289 1133 2334 accessu
1154 2277 1217 2334 tam
1241 2290 1310 2334 sero
1332 2277 1559 2355 promoventur,
1580 2277 1615 2333 ut
1636 2269 1753 2334 nullius
1775 2270 1877 2336 homi·

702 2377 777 2422 num
805 2355 867 2420 vita
893 2363 954 2420 tam
986 2353 1076 2440 longa
1104 2354 1158 2432 sit,
1197 2375 1278 2440 quae
1297 2355 1509 2419 observatione
1535 2355 1680 2420 continua
1703 2354 1816 2421 iactam
1838 2356 1876 2422 de

703 2442 770 2506 loco
816 2439 1070 2517 crmutationem,
1106 2440 1138 2503 in
1162 2460 1225 2524 quo
1246 2461 1298 2505 cas
1325 2440 1458 2526 primum
1483 2440 1612 2515 viderat,
1651 2441 1876 2526 deprehendat.

653 2526 779 2591 10Mun
802 2524 853 2589 ani
875 2545 948 2628 ergo
969 2525 1042 2588 anni
1065 2524 1135 2588 linis
1155 2533 1211 2600 est,
1232 2547 1302 2591 cum
1326 2526 1432 2590 stellae
1453 2546 1561 2590 omnes
1582 2526 1749 2611 omniaque
1772 2527 1875 2592 sidera

701 2631 780 2696 quae
803 2605 948 2692 ἅπῖανης
969 2607 1062 2673 habet
1088 2629 1106 2673 a
1134 2618 1218 2673 certo
1240 2610 1308 2675 loco
1334 2610 1371 2674 ad
1394 2610 1526 2675 cundem
1553 2612 1653 2675 locum
1683 2611 1725 2676 ita
1756 2634 1876 2678 remea·

651 2694 838 2780 posuerint,
876 2701 912 2757 ut
932 2713 970 2757 ne
993 2714 1055 2758 una
1078 2693 1202 2778 quidem
1225 2696 1300 2760 caeli
1321 2696 1407 2761 stella
1432 2697 1463 2760 in
1485 2696 1545 2760 alio
1567 2696 1635 2761 loco
1657 2697 1698 2760 sit
1719 2718 1814 2782 quam
1842 2699 1875 2762 in

700 2800 762 2865 quo
794 2778 868 2855 l'uit,
907 2799 976 2843 oum
1007 2799 1115 2843 omncs
1143 2779 1219 2844 aliae
1247 2801 1286 2846 ex
1312 2802 1350 2845 eo
1380 2781 1447 2845 loco
1478 2790 1580 2845 motae
1606 2790 1678 2846 sunt
1706 2783 1745 2846 ad
1776 2806 1875 2870 quem

700 2885 840 2931 reversae
863 2884 945 2927 anno
968 2884 1024 2928 suo
1048 2863 1141 2928 tinem
1163 2864 1330 2931 dederunt:
1370 2865 1411 2930 ita
1442 2874 1477 2931 ut
1503 2867 1617 2932 lumina
1645 2888 1772 2953 quoque
1800 2890 1875 2934 oum

700 2950 837 3016 erraticis
856 2948 995 3035 quinque
1018 2947 1050 3013 in
1072 2949 1167 3014 isdem
1196 2950 1271 3015 locis
1293 2959 1325 3016 ct
1346 2951 1484 3036 partibus
1512 2952 1574 3016 sint
1601 2953 1631 3016 in
1658 2953 1773 3038 quibus
1796 2955 1875 3020 inci·

653 3037 804 3124 llpiente
826 3034 983 3102 mundano
1009 3055 1090 3101 anno
1112 3034 1246 3102 luerunt.
1302 3038 1369 3101 lloc
1394 3044 1510 3115 autem,
1546 3044 1581 3102 ut
1606 3037 1722 3125 physici
1751 3040 1876 3119 volunt,

768 3190 837 3244 Man.
854 3189 1058 3255 BFSPRUG]

697 3270 770 3343 μήνη
789 3292 854 3345 c·g;
877 3282 940 3328 cett,
956 3276 1026 3328 1111.
1045 3282 1074 3328 ct
1089 3274 1157 3328 Mn.
1175 3293 1257 3328 mene.
1269 3304 1298 3315 -
1321 3276 1463 3346 Virgilius]
1482 3276 1548 3327 Aen.
1565 3276 1616 3341 lll,
1634 3279 1694 3327 281.
1711 3305 1746 3316 -
1767 3279 1805 3330 ad
1823 3280 1873 3331 ric-

699 3344 1033 3473 ttl‘tlt‘lffal'ss
1050 3344 1366 3465 ¹⁰,tttt'titt't't‘
1386 3345 1465 3463 ‘¹⁸⁰2-
1477 3345 1602 3463 ‘till
1616 3345 1876 3466 Mil-iiiito&

697 3452 826 3549 magicam
843 3452 940 3532 iocaris
961 3481 1031 3533 aaa.
1067 3497 1196 3549 magnam
1213 3498 1311 3532 cocum
1329 3482 1392 3532 solia
1409 3430 1604 3541 (omssgnonnum)
1620 3479 1751 3533 uacuo.

696 3552 723 3598 t.
758 3548 980 3615 parpchRz
1004 3576 1037 3587 -
1061 3549 1171 3600 circuit
1188 3547 1358 3600 FSRlvin.
1377 3576 1412 3586 -—
1432 3548 1712 3599 circumitionem.

698 3619 723 3664 8.
759 3622 789 3665 at
805 3631 884 3682 saepe
901 3615 998 3681 relata]
1022 3614 1064 3666 01.
1086 3615 1108 3679 l,
1127 3619 1168 3677 19,
1187 3615 1251 3682 558
1272 3619 1335 3666 at4
1364 3642 1392 3656 ··
1412 3624 1437 3667 ct
1453 3632 1531 3683 caepa
1548 3616 1634 3667 relato
1651 3624 1712 3667 sant
1729 3616 1787 3666 ioan
1805 3625 1874 3668 net·

699 3681 751 3731 Rl.
771 3707 799 3717 -
820 3684 870 3748 poi
889 3699 963 3733 ococ-
982 3699 1036 3733 s-a.
1054 3709 1088 3722 -ο
1105 3691 1143 3734 cot
1160 3686 1224 3734 talia
1243 3682 1372 3734 Eadm.
1524 3686 1549 3732 8.
1604 3700 1639 3733 aa
1656 3684 1683 3733 in
1700 3686 1777 3734 caclo
1798 3690 1871 3745 (om.

697 3746 836 3807 sidentur)
855 3748 905 3798 Rl.
921 3777 956 3789 -
972 3757 1117 3800 mouentur.
1136 3758 1166 3802 ct
1184 3759 1271 3802 tomen
1286 3750 1316 3800 F.
1333 3779 1367 3789 —·
1381 3758 1550 3817 promovent
1607 3746 1662 3810 (Rl
1679 3767 1740 3815 sup.
1762 3752 1829 3811 lin.)
1847 3752 1873 3803 G

698 3812 771 3878 (ὡς
794 3814 822 3864 iu
841 3819 913 3882 mg.)
938 3816 989 3865 Ha.
1025 3816 1158 3879 „Placetv
1187 3818 1242 3868 imo
1265 3818 1378 3870 omnino
1402 3818 1618 3868 reducendum.“
1640 3819 1721 3869 Pont.
1757 3819 1873 3883 „Plano

696 3882 822 3949 ineptum
840 3883 914 3932 cat.“
940 3882 1078 3932 20118-
1102 3884 1186 3953 longo
1204 3886 1283 3945 (add.
1301 3902 1317 3937 a
1338 3902 1393 3935 soc.
1412 3902 1446 3935 m.
1465 3886 1513 3945 sit)
1531 3884 1560 3935 F.
1580 3913 1616 3924 —
1642 3886 1812 3953 caprimum
1839 3888 1871 3938 Β.

802 3952 842 4001 lo.
877 3951 944 4001 anni
959 3949 1022 4001 adri.
1045 3966 1134 4002 usca.
1152 3968 1188 4003 m.
1212 3952 1243 4003 F.
1261 3974 1296 3993 -·-
1316 3951 1501 4004 AHAANHC
1516 3951 1547 4003 F.
1582 3953 1693 4019 aplanes
1716 3953 1785 4005 Mas.
1805 3956 1871 4007 rell.

697 4023 726 4071 ct
742 4018 813 4070 Ilrlrl.
833 4046 868 4057 ·-·
891 4018 963 4069 oliae
981 4035 1068 4070 omnes
1084 4018 1190 4071 a-nl’o.
1212 4049 1242 4062 —
1269 4028 1357 4072 motos
1371 4027 1432 4072 sont
1447 4024 1533 4079 (corr.
1552 4018 1581 4070 in
1600 4022 1677 4080 sint]
1696 4020 1749 4069 Rl.
1788 4040 1872 4073 corn-

696 4095 783 4141 motac
800 4094 862 4140 aunt
879 4086 931 4139 Hs.
945 4115 975 4127 --
998 4103 1067 4139 anno
1083 4093 1158 4153 (cup.
1176 4088 1240 4142 arlrl.
1257 4093 1319 4149 mo)
1337 4086 1389 4138 82.
1408 4114 1435 4125 -
1455 4088 1554 4139 dedara
1571 4104 1631 4155 v-g.
1646 4116 1681 4127 —
1698 4106 1771 4140 anno
1791 4108 1872 4142 maa·

696 4221 777 4274 Pind.
799 4221 845 4274 01.
867 4220 924 4284 111,
947 4223 1007 4282 21.,
1042 4220 1142 4273 Aesch.
1162 4221 1255 4275 Prom.
1341 4221 1456 4287 accessa]
1474 4219 1534 4270 vm.
1553 4225 1608 4272 not.
1628 4220 1662 4271 arl
1684 4221 1708 4286 1,
1725 4224 1771 4284 22,
1790 4229 1816 4274 t.

694 4295 769 4346 797..
803 4288 900 4355 Enrip.
931 4303 975 4356 sp.
1006 4287 1101 4342 Schol.
1127 4289 1255 4358 Apollon.
1339 4288 1604 4356 sarapromooentar]
1623 4286 1679 4340 ta.
1700 4290 1782 4341 tardo
1802 4307 1870 4358 pro·

695 4357 786 4408 erotl.
805 4355 828 4420 1,
846 4359 921 4418 1280,
946 4356 985 4407 al.
1306 4364 1463 4418 moventur,
1481 4363 1511 4405 ut
1528 4373 1591 4407 sero
1611 4355 1870 4410 animadvertatur.

730 4425 768 4474 od
789 4423 969 4473 citocotiam
987 4421 1254 4489 tauromeniae]
1340 4426 1381 4472 lo.
1416 4439 1484 4489 qaae
1510 4416 1635 4489 ἀπλανὴς
1663 4423 1752 4491 latet]
1789 4425 1810 4476 i.
1842 4444 1868 4477 a.

695 4487 738 4538 cf.
761 4488 817 4540 Sat.
841 4488 869 4550 1,
897 4491 941 4548 14,
968 4491 1079 4556 lveq„
1115 4490 1194 4542 Serv.
1218 4492 1252 4542 art
1304 4504 1376 4555 quaa
1407 4488 1493 4541 inlixa
1525 4491 1605 4541 caclo
1638 4489 1779 4543 videntur.
1822 4493 1868 4545 Cf.

695 4555 773 4620 Virg.
792 4556 858 4606 Aen.
877 4555 905 4616 1,
923 4558 984 4607 889.
1304 4571 1389 4623 supra
1415 4557 1429 4623 5
1452 4561 1477 4610 9.
1504 4564 1533 4608 οῖ
1558 4558 1585 4619 1,
1612 4561 1662 4621 21,
1687 4562 1731 4609 28.
1760 4577 1869 4613 summa

728 4628 754 4672 7.
788 4639 840 4689 par
860 4621 920 4691 soli]
949 4622 1023 4676 iram
1046 4624 1180 4690 estquod
1202 4641 1253 4690 por
1303 4625 1417 4691 aplicare
1431 4641 1499 4692 quoe
1513 4618 1636 4691 ἀπλανὴς
1653 4626 1759 4677 dicitur.

694 4688 765 4739 voli·
783 4691 889 4741 curaui.
1336 4698 1366 4743 at
1384 4692 1485 4743 lumino
1504 4708 1606 4759 qaoque
1631 4692 1695 4759 etc]
1722 4693 1765 4744 (ll.
1786 4694 1868 4746 Mar-

715 4755 828 4808 *Mortis
854 4774 917 4809 vero
946 4773 1033 4809 aanor
1059 4758 1122 4826 oto]
1154 4757 1197 4810 (li.
1227 4758 1251 4824 1,
1303 4756 1368 4810 tien.
1387 4759 1464 4821 vm,
1484 4760 1497 4825 5
1516 4763 1575 4809 868.
1597 4760 1681 4822 Nom,
1700 4768 1730 4812 avt
1748 4762 1797 4812 cul
1817 4780 1868 4814 eo-

695 4824 737 4884 19,
758 4825 783 4872 3.
1303 4827 1361 4877 dem
1380 4826 1423 4877 die
1440 4835 1519 4894 atque
1539 4826 1631 4877 iisdem
1650 4829 1867 4895 propinquitati·

727 4893 761 4952 9..
788 4905 855 4957 quoe
872 4890 956 4954 infixa
969 4889 1042 4940 coelo
1058 4890 1191 4958 videatur]
1209 4891 1250 4943 01.
1302 4894 1350 4943 tar
1380 4895 1493 4945 aderam
1521 4894 1694 4945 inerrantium
1722 4898 1760 4946 od
1792 4898 1866 4950 idem

692 4956 721 5020 1,
745 4960 790 5019 11,
810 4961 850 5007 16,
870 4957 919 5008 His
937 4956 1005 5007 illud
1021 4956 1186 5009 adiciendum
1204 4967 1251 5022 cst,
1301 4961 1392 5012 redeat
1418 4962 1528 5025 (lana),
1560 4963 1664 5022 fociant
1688 4964 1755 5013 anni
1784 4966 1867 5029 pain-

693 5024 763 5105 qapd
784 5032 890 5090 praeter
912 5024 964 5075 dac
986 5021 1088 5073 lumina
1112 5033 1137 5077 et
1161 5028 1251 5078 atellae
1302 5029 1433 5096 quaginta
1466 5030 1594 5107 quinqua
1633 5036 1664 5079 ut
1682 5046 1752 5109 ‘vcro
1780 5032 1866 5084 etiam

690 5089 1132 5227 simultatttllttt,
1148 5111 1251 5224 iiiii:
1298 5094 1865 5235 ’11ῗῖἱῖῗὲ’ἑξῖἷέἒξὲἶξωὲῗῖῖῗᾷἱξὲξ

689 5243 737 5279 nan
764 5228 818 5290 nisi
846 5244 905 5283 aum
932 5226 1005 5280 caelo
1027 5228 1127 5282 moveri
1154 5267 1178 5284 ,.
1206 5230 1250 5283 di·
1295 5227 1440 5293 prolixitas
1457 5232 1611 5295 spectanda.
1647 5229 1795 5283 censorin.
1818 5238 1861 5297 18,

689 5302 793 5349 aarum.
1299 5292 1313 5359 5
1341 5298 1383 5345 ll.
1418 5295 1468 5359 un
1495 5305 1634 5365 praetcrea
1664 5315 1753 5352 onnus
1782 5317 1863 5369 quam
