5092 6425
737 844 780 913 88
1222 843 1430 910 Macuouu

710 1015 855 1082 8Deccm
875 1019 977 1079 autem
1001 1013 1066 1090 alii,
1086 1019 1122 1077 ut
1144 1013 1294 1091 diximus,
1315 1013 1386 1078 circi
1409 1019 1495 1077 sunt:
1519 1033 1651 1098 quorum
1673 1033 1755 1078 unus
1776 1019 1822 1077 est
1842 1013 1909 1099 ipse

738 1099 896 1176 zodiacus,
938 1098 991 1185 qui
1013 1120 1051 1162 ex
1076 1098 1124 1162 his
1146 1098 1250 1164 decem
1277 1098 1360 1163 solus
1382 1099 1483 1184 potuit
1511 1099 1703 1163 latitudinem
1732 1098 1790 1162 hoc
1816 1100 1912 1163 modo

710 1187 832 1272 liquem
861 1183 1029 1248 reseremus
1058 1184 1191 1268 adipisci.
1239 1185 1355 1250 Natura
1388 1184 1565 1248 caelestium
1594 1184 1779 1248 circulorum
1809 1183 1911 1248 incor-

693 1270 857 1356 [rrlporalis
878 1277 925 1332 est
945 1269 1040 1343 linea,
1068 1289 1147 1353 quae
1169 1270 1210 1334 ita
1234 1277 1336 1333 mente
1361 1269 1548 1354 concipitur,
1573 1277 1609 1333 ut
1630 1269 1694 1333 sola
1718 1269 1912 1352 longitudine

744 1365 918 1431 censeatur,
950 1352 1045 1417 latum
1067 1353 1180 1419 babere
1207 1376 1270 1419 non
1294 1354 1404 1440 possit:
1444 1354 1547 1420 sedin
1570 1353 1694 1418 zodiaco
1717 1354 1912 1418 latitudinem

695 1440 902 1524 losignorum
925 1438 1074 1522 capacitas
1097 1440 1246 1524 exigebat.
1295 1439 1455 1518 Quantum
1478 1439 1572 1524 igitur
1599 1439 1689 1587 spatii
1713 1437 1772 1503 lata
1794 1439 1913 1503 dimen-

745 1525 791 1588 sio
813 1523 961 1608 porrectis
983 1523 1134 1588 sideribus
1154 1525 1338 1610 occupabat,
1360 1524 1479 1589 duabus
1502 1523 1591 1588 lineis
1625 1522 1777 1588 imitatum
1799 1532 1861 1588 est:
1883 1532 1915 1588 et

744 1608 835 1673 tertia
859 1608 949 1673 ducta
978 1629 1034 1693 per
1058 1609 1197 1675 'medium
1227 1610 1367 1695 ecliptica
1397 1617 1536 1685 uocatur,
1568 1609 1656 1694 quia,
1689 1630 1759 1673 cum
1788 1631 1914 1674 cursum

746 1713 836 1758 suum
864 1694 897 1757 in
923 1693 1028 1758 eadem
1059 1695 1138 1759 linea
1174 1695 1288 1780 pariter
1321 1695 1366 1759 sol
1401 1703 1432 1760 et
1465 1694 1537 1759 luna
1569 1693 1750 1771 conficiunt,
1789 1695 1915 1758 alterius

746 1799 853 1843 eorum
874 1799 996 1843 necesse
1018 1788 1065 1843 est
1086 1781 1209 1846 evenire
1230 1779 1398 1845 delectum:
1422 1779 1504 1856 solis,
1527 1779 1551 1842 si
1574 1779 1602 1843 ei
1623 1787 1697 1843 tune
1717 1779 1788 1844 luna
1811 1801 1915 1843 succe-

697 1863 814 1931 lldat:
853 1863 957 1939 lunae,
989 1863 1013 1928 si
1035 1866 1257 1930 tuac‘adversa
1280 1863 1321 1929 sit
1342 1865 1410 1929 soli.
1451 1865 1525 1930 Ideo
1549 1885 1603 1928 nec
1626 1864 1669 1928 sol
1695 1885 1841 1948 umquam
1864 1864 1916 1928 de-

746 1949 824 2025 ficit,
861 1947 919 2012 nisi
942 1970 1020 2013 cum
1039 1951 1212 2016 tricesimus
1233 1950 1323 2014 lunae
1346 1950 1410 2014 dies
1433 1957 1493 2025 cst,
1530 1956 1562 2012 et
1583 1948 1642 2013 nisi
1664 1949 1774 2034 quinto
1796 1948 1916 2013 decimo

747 2053 855 2098 cursus
883 2032 931 2098 sui
957 2033 1006 2097 die
1033 2036 1131 2100 nescit
1157 2037 1229 2101 luna
1255 2034 1418 2099 delectum.
1461 2034 1510 2099 Sic
1539 2034 1621 2097 enim
1650 2034 1767 2111 evenit,
1800 2042 1837 2098 ut
1863 2043 1917 2098 aut

747 2117 838 2182 lunae
859 2125 966 2182 contra
989 2119 1085 2184 solem
1109 2121 1226 2206 positae
1246 2121 1284 2184 ad
1308 2120 1509 2185 mutuandum
1534 2118 1572 2182 ab
1600 2139 1637 2182 eo
1664 2118 1787 2182 solitum
1810 2118 1917 2182 lumen

749 2202 807 2266 sub
828 2202 934 2267 eadem
956 2203 1099 2270 inventus
1121 2205 1201 2270 linea
1219 2213 1320 2269 terrae
1338 2225 1434 2269 conus
1455 2203 1592 2281 obsistat,
1616 2211 1670 2268 aut
1689 2203 1744 2267 soli
1763 2203 1829 2350 ipsa
1851 2224 1916 2268 suc-

700 2287 1006 2353 lacedemoniam
1033 2311 1089 2354 suo
1111 2291 1149 2356 ab
1171 2290 1308 2355 humano
1332 2296 1457 2375 aspectu
1484 2289 1588 2353 lumen
1610 2288 1677 2352 eius
1702 2309 1774 2372 repe
1788 2288 1839 2351 lat.
1881 2290 1917 2352 In

750 2371 871 2437 delectu
893 2393 966 2458 ergo
988 2376 1032 2438 sol
1057 2376 1122 2460 ipse
1142 2377 1183 2439 nil
1206 2376 1336 2461 patitur,
1375 2374 1429 2438 sed
1452 2381 1556 2438 noster
1582 2372 1738 2438 fraudatur
1762 2380 1916 2457 aspectus:

714 2535 717 2540 ,
751 2457 824 2521 luna
847 2479 919 2522 vero
942 2459 1020 2522 circa
1044 2461 1202 2546 proprium
1230 2459 1382 2525 desectum
1413 2458 1530 2524 laborat
1557 2479 1619 2522 non
1646 2458 1823 2542 accipiendo
1845 2458 1917 2521 solis

750 2541 865 2616 lumen,
884 2541 970 2610 ciuus
988 2544 1137 2609 beneficio
1158 2553 1278 2609 noctem
1298 2545 1423 2609 colorat.
1467 2543 1559 2622 Quod
1579 2543 1677 2607 sciens
1691 2543 1840 2627 Virgilius
1858 2542 1918 2606 dis·

751 2624 932 2708 ciplinarum
954 2629 1094 2692 omnium
1116 2629 1319 2714 peritissimus
1339 2629 1398 2693 ait:

835 2710 974 2792 Defectus
993 2713 1063 2778 solr's
1083 2716 1186 2778 caries
1212 2714 1357 2800 lunaeque
1377 2713 1499 2776 uberes

752 2792 901 2870 Quamvis
922 2794 1015 2878 igitur
1035 2797 1131 2862 trium
1151 2798 1302 2862 linearum
1322 2797 1432 2862 ductus
1454 2796 1611 2860 zodiacum
1634 2803 1665 2859 et
1685 2795 1807 2860 claudat
1826 2804 1858 2860 et
1875 2795 1919 2860 di·

752 2877 849 2957 vidat,
887 2898 985 2944 unum
1004 2887 1109 2946 tamen
1138 2882 1251 2947 circum
1275 2890 1382 2947 auctor
1404 2881 1623 2947 vocabulorum
1645 2879 1704 2944 dici
1724 2881 1822 2948 voluit
1842 2881 1920 2945 anti·

769 3027 771 3032 ’
819 3029 888 3083 Μαι.
909 3030 1172 3098 cFSPRmaunna

750 3123 828 3168 runt
855 3119 935 3184 quia
961 3119 993 3169 in
1017 3126 1160 3188 utraque
1187 3120 1223 3185 (p
1250 3119 1382 3186 utraque)
1409 3119 1566 3171 obviante
1597 3119 1749 3170 solstitio
1775 3118 1921 3170 ulterius

752 3184 836 3236 aclis
858 3185 1032 3239 inhibetur
1054 3189 1200 3241 accersio
1231 3187 1267 3253 (C
1289 3204 1305 3240 u
1328 3205 1354 3254 p.
1380 3204 1416 3238 m.
1439 3186 1587 3252 accersio).
1628 3193 1657 3239 et
1678 3188 1723 3249 rit
1744 3202 1921 3254 regressus

752 3253 793 3302 ad
815 3270 921 3306 zonae
942 3256 1027 3307 aiam
1048 3256 1125 3323 (cru
1152 3275 1168 3308 a
1187 3272 1269 3308 zonae
1293 3257 1361 3322 via)
1385 3257 1478 3306 cuius
1501 3253 1659 3307 terminos
1677 3271 1852 3321 numquam
1871 3258 1931 3305 rc-'

752 3320 879 3387 linquit
902 3322 939 3388 (F
959 3324 1091 3391 reliquit)
1120 3324 1188 3389 (orn.
1219 3326 1319 3389 Quibus
1405 3322 1503 3388 lacteo)
1527 3320 1830 3372 ca'ml‘curafflsrra.
1875 3322 1922 3371 ln-

753 3394 830 3439 serta
851 3395 915 3441 aunt
937 3389 1000 3457 ipsa
1022 3391 1123 3458 cepitis
1146 3397 1192 3455 12,
1217 3393 1269 3456 §L
1293 3392 1392 3453 rerba,
1423 3391 1457 3441 ad
1482 3406 1553 3456 qaae
1575 3389 1725 3440 referenda
1749 3395 1830 3439 erant
1851 3388 1881 3439 h.
1903 3389 1922 3439 l.

754 3454 869 3507 omissa.
996 3463 1020 3510 8.
1055 3455 1571 3527 arctamus]crau-edatio.
1697 3461 1721 3507 9.
1757 3473 1922 3507 censeamus

754 3522 863 3574 Bam—
884 3527 1177 3592 nonpossutatereu.
1307 3530 1347 3575 10.
1382 3526 1440 3577 lata
1452 3525 1578 3576 dimensio
1591 3524 1673 3590 spatii
1686 3524 1737 3574 Rl.
1773 3525 1854 3591 spatii
1866 3524 1922 3576 lati

755 3590 882 3642 dimensio
899 3608 924 3643 v.
935 3621 969 3629 —
987 3594 1113 3662 occupnt'
1127 3594 1157 3645 C.
1194 3600 1310 3660 occupet
1327 3592 1401 3644 Fur.
1438 3591 1595 3659 occupauit
1614 3591 1667 3641 112.
1683 3620 1717 3628 —
1734 3599 1829 3671 ternuc
1842 3592 1922 3642 ducta

755 3661 1456 3802 tar..ttt?“'t“.tttt¹t.⁶“1“.³.li.·‚‘..“t“.²?².⁸
1469 3659 1568 3779 lttt
1575 3658 1921 3790 ittunttt‘tltt

755 3789 820 3838 add.
838 3806 946 3856 rn-mg.
965 3791 1045 3843 0.-
1067 3795 1091 3845 si
1107 3796 1208 3845 tuncei
1226 3793 1258 3843 F.
1295 3795 1367 3845 siet
1385 3801 1447 3846 tunc
1464 3793 1485 3843 0
1505 3794 1532 3845 in
1552 3810 1660 3857 mg-
1677 3795 1801 3846 succedit
1820 3793 1921 3843 Bt.—

756 3856 780 3906 ci
796 3863 858 3907 tuuc
881 3857 996 3909 aduerso
1014 3860 1064 3910 soli
1081 3861 1115 3912 sit
1138 3861 1210 3926 (sic)
1294 3862 1439 3912 tricesimus
1458 3878 1515 3911 cam
1537 3860 1608 3926 (sic)
1635 3862 1715 3912 lunae
1733 3861 1761 3926 (b
1780 3864 1834 3920 ll.)
1859 3862 1922 3913 edd.

756 3921 785 3973 in
805 3939 861 3991 mg.
885 3924 937 3974 Ra.
953 3954 988 3962 —-
1003 3928 1115 3978 aduersa
1135 3929 1168 3979 sit
1186 3926 1422 3994 (cupediarii)
1442 3928 1464 3977 G
1480 3929 1508 3979 in
1526 3946 1584 3995 mg.
1738 3932 1778 3978 rl.
1812 3946 1859 3979 nec
1878 3947 1922 3979 so·

756 3990 823 4041 inm
847 4007 927 4058 quum
952 3993 1003 4043 Rl.
1023 4023 1058 4031 —
1079 3995 1157 4046 lunae
1176 4004 1213 4047 ert
1232 3998 1300 4059 (om.
1317 3996 1387 4060 dies)
1411 3997 1481 4047 Bau.
1502 4025 1536 4033 -
1561 3997 1636 4047 etin
1655 3996 1745 4062 quinto
1769 3996 1803 4047 G.
1825 4025 1859 4033 -
1881 3996 1923 4046 sai

755 4059 838 4111 nescit
855 4060 924 4123 (om.
943 4060 1001 4126 dic)
1019 4062 1070 4112 Rl.
1091 4092 1126 4100 -
1150 4062 1185 4114 si
1202 4064 1270 4115 enim
1291 4065 1422 4116 evenerit
1440 4065 1492 4114 Rs.
1513 4093 1548 4101 —
1573 4081 1652 4113 conus
1671 4064 1742 4113 linea
1759 4071 1845 4115 terrac
1868 4063 1922 4114 111.

756 4154 790 4163 -
807 4127 907 4179 obiectu
926 4127 995 4192 (om.
1012 4130 1074 4194 cuo)
1092 4130 1142 4181 Ru
1158 4160 1193 4168 -
1210 4140 1339 4198 respectu
1357 4131 1407 4181 Ru.
1563 4134 1603 4181 12.
1641 4132 1670 4181 ln
1690 4132 1793 4195 defectu
1811 4139 1922 4182 autem

756 4194 871 4247 Rauen.
893 4224 928 4232 —
951 4196 1086 4265 Defectus]
1110 4199 1214 4267 Georg.
1237 4199 1280 4264 ll',
1302 4202 1363 4251 478.
1386 4228 1421 4236 —
1443 4199 1580 4250 zodiacum
1599 4214 1651 4249 om.
1669 4198 1740 4249 Bru.
1756 4227 1791 4235 —
1815 4199 1924 4250 claudat

695 4347 698 4355 ‘
756 4342 847 4407 orbis,
883 4361 932 4397 seu
961 4347 1054 4413 potius
1084 4348 1244 4403 coniectura
1271 4354 1316 4402 cat
1361 4352 1484 4413 noctis,
1519 4358 1550 4402 ut
1578 4368 1635 4403 eam
1662 4351 1797 4402 obscurari
1820 4368 1923 4402 necesse

756 4417 911 4491 assecutus,
931 4415 1002 4477 quod
1023 4418 1226 4471 recentissimis
1244 4424 1315 4469 tcm—
1364 4421 1413 4480 sit,·
1455 4424 1482 4470 et
1504 4418 1575 4469 Plin.
1601 4418 1634 4470 N.
1653 4418 1690 4469 Η.
1714 4419 1757 4482 ll,
1784 4423 1829 4481 10,
1852 4436 1874 4469 a.
1897 4424 1922 4468 t.

756 4478 871 4556 pacibus
890 4494 942 4544 ope
956 4482 1083 4534 tuborum
1099 4502 1115 4535 o
1136 4485 1254 4537 ticorum
1272 4490 1316 4538 eat
1368 4488 1471 4554 Quippe
1488 4488 1658 4553 manifestum
1676 4494 1714 4537 cst
1797 4486 1923 4537 occultari

756 4550 828 4595 satas
847 4548 1087 4611 comprobatum.“
1129 4570 1194 4604 sua.
1365 4555 1455 4604 lunam
1492 4561 1578 4606 terrae
1621 4555 1721 4605 obiectu
1841 4569 1924 4620 neque

791 4615 835 4691 .¹⁰·
870 4615 1042 4669 tertiaducta
1059 4636 1105 4685 per
1122 4621 1236 4672 medium
1250 4622 1314 4673 ecli-
1365 4622 1442 4672 aliud
1463 4639 1518 4674 esse
1538 4629 1639 4673 noctem
1658 4638 1737 4688 paam
1760 4628 1845 4672 terroe
1863 4639 1923 4671 um·

754 4685 829 4758 ptrca
847 4681 965 4749 vocatur]
989 4683 1067 4735 Cani.
1092 4704 1115 4737 c.
1134 4690 1160 4749 6,
1181 4688 1194 4753 ξ
1213 4692 1256 4739 53.
1278 4688 1316 4741 nd
1365 4689 1448 4740 brem.
1486 4691 1647 4759 Figuram
1665 4697 1771 4740 autera
1792 4690 1925 4739 umbrae

756 4746 923 4825 medictatem
935 4750 1087 4804 latitudinis
1101 4756 1239 4816 (zodiaci)
1251 4772 1314 4823 per·
1366 4757 1508 4808 iimitem
1534 4766 1638 4809 metae
1663 4774 1699 4808 ac
1723 4758 1852 4809 turbini
1876 4758 1924 4807 in·

756 4820 840 4876 venit,
863 4815 908 4880 pai
926 4817 997 4869 locus
1015 4822 1166 4887 appellatur
1182 4823 1314 4891 eclipti·
1365 4840 1466 4875 uerso.

757 4897 820 4931 ΜΗ.
1402 4894 1441 4940 12.
1475 4898 1575 4943 noctem
1607 4891 1716 4959 colorat]
1754 4891 1925 4942 lucelentius

791 4951 831 4999 ll.
867 4954 953 4999 terroe
966 4950 1055 5017 conus]
1075 4950 1094 5001 i.
1106 4968 1131 5002 e.
1144 4956 1243 5007 umbra
1257 4962 1316 5008 ter·
1365 4958 1471 5010 dictum
1506 4965 1549 5009 est
1580 4976 1630 5025 pro
1661 4968 1761 5011 noctem
1795 4962 1926 5012 illustrat:

756 5030 813 5065 rae.
849 5014 1314 5097 cr.r‚eo,1s.·atcra.aeuiv.
1365 5042 1483 5090 namque
1507 5042 1622 5090 prorsus
1651 5028 1779 5086 uliares
1805 5034 1849 5078 est
1872 5029 1926 5078 sole

755 5082 798 5162 ll,
817 5087 847 5146 6,
867 5087 908 5163 173
932 5084 1039 5149 quando
1057 5086 1106 5137 alla
1126 5089 1222 5150 (luna)
1241 5108 1254 5143 e
1271 5108 1314 5143 re·
1365 5093 1491 5152 colorari,
1513 5093 1570 5145 Cic.
1589 5096 1623 5145 de
1642 5096 1690 5147 Or.
1708 5096 1749 5156 11,
1770 5098 1816 5157 14,
1835 5100 1878 5146 60.
1897 5101 1925 5145 et

754 5166 835 5216 grone
857 5150 921 5202 soles
939 5155 1018 5216 facta
1044 5154 1163 5209 incurrat
1189 5158 1223 5209 in
1249 5176 1314 5210 um·
1365 5160 1446 5226 Apul.
1467 5160 1501 5211 dc
1525 5162 1619 5229 dogm.
1636 5164 1710 5218 Plat.
1727 5164 1770 5228 ll,
1790 5168 1846 5229 16„
1877 5162 1926 5215 ubi

754 5218 843 5271 brom
875 5227 1001 5285 terras,
1037 5238 1118 5287 puae
1151 5232 1198 5278 cst
1229 5235 1315 5282 meta
1367 5228 1421 5280 rid.
1440 5227 1619 5296 interpretes.
