5092 6425
701 883 744 954 86
1184 876 1394 945 MACROBII

702 1055 781 1120 linea
804 1050 942 1116 ambiens
963 1047 1123 1133 sphaeram
1151 1067 1186 1112 ac
1211 1046 1307 1112 voluti
1328 1047 1466 1112 semitam
1495 1047 1608 1112 iaciens
1632 1067 1688 1132 per
1716 1066 1808 1132 quam
1829 1045 1872 1110 lu·

703 1159 773 1202 men
791 1143 958 1219 utrumque
976 1133 1120 1199 discurrit
1146 1140 1178 1197 et
1196 1131 1276 1198 intra
1294 1153 1387 1218 quam
1408 1133 1584 1216 vagantium
1605 1133 1763 1196 stellarum
1788 1151 1874 1195 error

651 1221 858 1305 idlegitimus
880 1227 1047 1284 coercetur.
1091 1217 1178 1296 Quas
1202 1216 1271 1283 idco
1297 1227 1416 1283 veteres
1438 1238 1541 1281 errare
1563 1217 1724 1293 dixerunt,
1751 1216 1824 1301 quia
1845 1225 1874 1280 et

653 1318 798 1386 {salcursu
821 1325 878 1369 suo
903 1304 1046 1370 iemntur
1073 1311 1104 1368 et
1128 1310 1232 1367 contra
1261 1303 1409 1388 sphaerae
1439 1303 1603 1379 maximae,
1643 1302 1673 1366 id
1702 1309 1750 1366 est
1779 1301 1874 1366 isius

704 1391 795 1470 caeli,
816 1391 967 1475 impetum
989 1388 1143 1455 contrario
1166 1396 1253 1453 motu
1277 1389 1314 1453 ad
1334 1389 1484 1453 orientem
1507 1389 1546 1452 ab
1567 1388 1725 1452 occidente
1748 1323 1874 1451 voiirun·

705 1486 773 1554 tur‚
807 1484 840 1541 ct
857 1475 995 1541 omnium
1019 1474 1143 1624 puidam
1168 1494 1224 1559 par
1244 1475 1384 1539 celeritas
1412 1481 1515 1538 motus
1542 1472 1649 1537 similis
1676 1480 1707 1536 et
1726 1472 1812 1536 idem
1834 1479 1877 1535 est

708 1562 817 1628 modus
839 1561 970 1639 meandi,
988 1581 1021 1626 se
1061 1580 1123 1624 non
1142 1580 1250 1624 omnes
1272 1560 1380 1624 eodem
1402 1568 1542 1644 tempore
1560 1559 1656 1622 circos
1677 1579 1751 1622 suos
1773 1557 1876 1621 orbes

653 1649 769 1734 Ytquo
791 1646 965 1712 conficiunt.
1015 1645 1057 1710 Et
1078 1645 1147 1709 idco
1173 1652 1220 1710 est
1241 1646 1381 1710 celeritas
1403 1644 1468 1730 ipsa
1491 1643 1655 1720 mirabilis,
1685 1642 1775 1728 quia,
1811 1662 1877 1706 cum

708 1734 749 1799 sit
771 1731 878 1798 eadem
906 1731 1046 1796 omnium
1074 1751 1131 1795 nec
1155 1731 1218 1795 ulla
1247 1752 1284 1794 ex
1314 1730 1375 1794 illis
1403 1738 1457 1794 aut
1484 1728 1664 1793 concitatior
1691 1748 1758 1791 esse
1784 1727 1879 1810 possit

707 1825 762 1884 aut
784 1816 920 1901 segnior,
958 1837 1020 1881 non
1042 1815 1149 1881 eodem
1172 1823 1276 1880 tamen
1298 1815 1447 1900 temporis
1474 1814 1573 1899 spatio
1599 1833 1706 1877 omnes
1728 1812 1879 1876 ambitum

710 1921 801 1967 suum
825 1909 984 1999 peragunt.
1028 1900 1158 1966 Causam
1181 1921 1255 1965 vero
1276 1901 1334 1965 suh
1355 1900 1462 1965 eadem
1483 1899 1639 1964 celeritate
1662 1897 1793 1982 disparis
1815 1917 1880 1982 spa·

712 1987 749 2052 tii
771 1993 872 2072 aptius
895 2007 951 2051 nos
978 1986 1138 2071 sequentia
1159 1985 1323 2051 docebunt.

802 2073 871 2137 XV.
919 2071 975 2136 His
1002 2070 1041 2135 de
1068 2070 1203 2135 siderum
1236 2080 1345 2136 natura
1372 2077 1404 2135 ct
1433 2069 1551 2134 siderea
1582 2066 1743 2131 hominum
1779 2073 1882 2130 mente

711 2157 840 2221 narratis
859 2176 966 2221 rursus
987 2155 1083 2221 lilium
1105 2163 1200 2240 pater,
1218 2164 1253 2221 ut
1271 2157 1304 2220 in
1323 2156 1397 2221 deos
1416 2155 1495 2240 pius,
1514 2163 1551 2219 ut
1569 2153 1599 2216 in
1619 2152 1761 2216 homines
1781 2152 1880 2216 iustus

710 2249 800 2319 asset,
819 2241 970 2320 hortatus,
1014 2241 1162 2306 raemium
1183 2262 1291 2306 mrsus
1313 2241 1424 2306 adiecit
1445 2239 1609 2304 ostendens
1631 2236 1761 2301 lacteum
1784 2237 1881 2302 circu·

710 2328 775 2392 lum
798 2327 963 2393 virtutibus
985 2262 1123 2392 debitum
1143 2334 1175 2392 et
1195 2327 1356 2392 beatorum
1377 2333 1468 2391 coctu
1489 2325 1646 2400 reiectum,
1666 2323 1754 2387 cuius
1773 2322 1881 2386 merni-

713 2413 763 2477 nit
787 2411 836 2476 his
864 2413 980 2478 verbis:
1018 2414 1097 2477 Erat
1116 2424 1214 2478 autam
1234 2415 1262 2477 is
1282 2412 1520 2499 splendidissimo
1544 2409 1674 2474 candore
1699 2409 1778 2472 a'atcr
1796 2409 1882 2493 siam·

711 2519 777 2561 mas
799 2499 897 2562 circas
917 2498 1040 2572 ciaccrrs,
1061 2519 1146 2583 quera
1166 2519 1227 2573 aas,
1249 2509 1283 2561 at
1303 2520 1322 2561 a
1344 2497 1438 2562 Grais
1459 2496 1620 2581 accepistis,
1642 2493 1739 2557 arbem
1759 2494 1882 2557 lacteam

681 2581 903 2665 inancapatis.
963 2581 1053 2645 Orbis
1080 2580 1131 2644 hic
1157 2581 1238 2646 idem
1266 2581 1350 2666 quod
1377 2583 1475 2646 circas
1503 2580 1534 2643 in
1562 2579 1651 2643 lactei
1678 2578 1883 2663 appellatione

712 2663 871 2748 siguificat.
913 2665 971 2730 Est
990 2671 1093 2730 autem
1113 2665 1222 2732 lacteas
1242 2686 1325 2732 unus
1346 2686 1363 2731 ο
1385 2665 1473 2731 circis
1500 2664 1554 2751 qui
1579 2663 1720 2730 ambiunt
1747 2663 1883 2728 caelum:

780 2877 849 2933 Mss.
872 2878 1136 2945 assemanum]

713 2969 801 3017 autem
819 2982 884 3018 esse
900 2966 969 3018 hinc
982 2983 1005 3018 a.
1020 2996 1054 3005 -
1064 2976 1203 3036 utrumqne
1216 2966 1526 3020 CFRleBnn.Bsn.h.
1562 2968 1703 3036 utrimque
1716 2969 1741 3035 (i
1752 2985 1786 3020 ex
1798 2969 1884 3036 corr.)

712 3031 765 3084 aa.
798 3033 1111 3102 atrinpaaSc-hl'sscn.
1122 3038 1240 3089 -intra
1253 3035 1600 3089 CFSPR12H2Lan.Tn.
1629 3038 1705 3089 inter
1715 3037 1885 3089 EddGBnn.

815 3105 856 3152 26.
893 3103 933 3153 ah
957 3104 1067 3155 oriente
1088 3105 1130 3156 ad
1153 3106 1346 3156 occidendum
1370 3106 1421 3155 lar.
1443 3135 1478 3143 -
1501 3108 1619 3156 omnium
1642 3111 1710 3165 (arm.
1733 3111 1771 3165 et)
1798 3106 1827 3156 P.
1853 3135 1886 3143 -

713 3167 858 3222 sceleritas
877 3175 945 3231 (om.
962 3176 1027 3238 par]
1047 3170 1098 3224 Rl.
1120 3201 1154 3210 -
1176 3174 1244 3224 idem
1268 3179 1337 3234 (om.
1357 3179 1400 3235 et)
1420 3172 1494 3225 rm.
1529 3175 1557 3225 id
1575 3178 1644 3233 (om.
1660 3178 1699 3232 ct)
1718 3177 1762 3224 vl.
1798 3172 1886 3240 „Cap

712 3234 841 3304 21[§6.]
869 3239 914 3289 scd
935 3256 992 3290 curn
1012 3241 1046 3291 sit
1065 3241 1182 3292 omnihus
1205 3242 1273 3292 idern
1292 3242 1385 3293 modus
1404 3242 1518 3292 meandi.
1553 3241 1632 3291 Unda
1658 3243 1752 3292 clucet
1772 3243 1886 3292 modum

713 3306 825 3357 meandi
844 3306 917 3357 nihil
936 3324 998 3358 csse
1016 3308 1092 3359 aliud
1111 3324 1192 3374 quam
1216 3310 1307 3375 ipsum
1330 3317 1435 3361 motum
1455 3318 1483 3361 ct
1505 3308 1642 3359 circuitus
1661 3308 1885 3360 festinationem:

714 3387 748 3424 aa
766 3374 883 3439 proinde
901 3376 992 3426 lihons
1010 3377 1165 3442 amplectar
1182 3379 1254 3443 quad
1271 3378 1402 3445 suggerit
1418 3378 1541 3443 optimas
1559 3375 1624 3426 fidei
1642 3378 1806 3428 membrana
1827 3378 1888 3429 Ma·

713 3443 881 3503 tantimodis,
899 3444 932 3495 id
950 3453 997 3497 ast
1016 3446 1110 3496 modus
1127 3447 1264 3497 meandi.“
1289 3446 1375 3497 Gran.
1391 3474 1426 3484 -
1448 3453 1486 3497 est
1504 3444 1598 3496 modas
1614 3445 1722 3495 meandi
1740 3444 1777 3511 (C
1795 3461 1812 3496 a
1830 3461 1887 3495 sec.

715 3508 766 3574 m.)
784 3509 977 3562 curruum.
1014 3514 1232 3565 modasnrcandi
1250 3522 1288 3567 ast
1312 3514 1363 3564 R2.
1399 3512 1667 3565 estmodusnrandi
1688 3512 1739 3561 Rl.
1775 3520 1887 3564 estma-

715 3582 768 3625 aas
782 3579 890 3629 meandi
907 3578 946 3637 (0
962 3594 979 3629 ιι
996 3595 1023 3644 p.
1040 3584 1091 3638 m.)
1109 3580 1162 3630 Fs.
1315 3583 1358 3630 21.
1396 3582 1432 3631 m
1449 3581 1510 3631 idea
1528 3584 1597 3639 (om.
1616 3585 1668 3639 cst)
1686 3578 1716 3629 C.
1737 3608 1771 3617 -
1795 3581 1887 3631 socle-

714 3642 785 3691 ritas
804 3644 855 3693 Rl.
870 3672 906 3681 -
924 3646 1103 3697 admirabilis
1119 3646 1148 3697 1⁴².
1185 3648 1375 3699 ammirabilis
1393 3648 1442 3699 RQ.
1459 3677 1494 3688 --
1516 3664 1575 3698 cam
1593 3648 1628 3698 sit
1645 3664 1698 3697 om.
1717 3647 1768 3697 ΕΙ.
1783 3676 1819 3684 -
1840 3664 1887 3698 aa·

716 3708 774 3758 riam
791 3710 842 3759 ais
859 3709 891 3759 F.
910 3738 945 3749 -·-
968 3715 1122 3764 concitatior
1140 3720 1198 3774 (om
1228 3720 1290 3773 aut)
1306 3715 1357 3764 Rl.
1393 3723 1441 3767 arrt
1458 3715 1605 3766 excitatior
1619 3713 1650 3765 F.
1667 3743 1699 3753 —
1723 3732 1780 3766 neo
1798 3716 1887 3766 eadam

715 3774 744 3824 h.
761 3803 795 3811 —
815 3776 910 3826 Causa
926 3777 956 3826 h.
973 3807 1008 3816 -
1027 3780 1153 3832 docebant
1171 3784 1307 3848 sequentia
1325 3782 1376 3831 rm.

784 3840 840 3891 XV.
880 3842 967 3907 Caput
986 3845 1012 3894 X
1016 3846 1044 3895 V.
1083 3848 1123 3904 Dc
1139 3850 1259 3899 undecim
1278 3850 1385 3900 circulis
1406 3848 1505 3899 coelam
1524 3849 1706 3902 ambiantibus.
1725 3848 1803 3898 alr—h.

716 3912 740 3959 l.
776 3907 1034 3989 Hisdesidariam
1053 3920 1079 3965 et
1095 3915 1196 3980 sydera
1220 3914 1277 3975 (sic
1294 3916 1353 3982 gG)
1371 3916 1504 3967 hominum
1521 3924 1607 3968 niente
1627 3917 1662 3968 G.
1714 3917 1765 3968 llic
1786 3924 1887 3968 natura

716 3983 741 4029 at
758 3975 891 4028 hamanum
908 3986 992 4029 menta
1013 3981 1089 4047 (sup.
1107 3982 1139 4032 dc
1154 3986 1183 4032 et
1201 3983 1319 4048 siderea)
1338 3983 1369 4035 F.
1404 3983 1455 4035 His
1469 3991 1604 4035 naturam
1622 3992 1646 4035 et
1662 3985 1795 4035 hominurn
1813 4001 1888 4035 men-

715 4051 765 4097 tes
784 4044 835 4095 m.
871 4044 921 4095 His
943 4047 967 4096 V
973 4047 1009 4097 Η
1023 4049 1135 4101 stellis
1152 4057 1288 4101 naturam
1306 4058 1331 4103 et
1349 4052 1482 4102 hominum
1500 4060 1609 4103 mentes
1629 4051 1683 4102 112.
1699 4080 1734 4089 -
1756 4060 1888 4103 tracta·

715 4113 758 4165 tis
775 4119 804 4164 ct
820 4114 939 4165 narratis
956 4114 1005 4165 Ra
1041 4119 1175 4169 narravit
1194 4125 1353 4171 constare
1369 4118 1423 4169 112.
1441 4120 1574 4185 -filiunr
1593 4136 1646 4169 orn.
1666 4119 1717 4169 Rl.
1735 4149 1769 4157 -
1788 4121 1817 4169 in
1835 4121 1888 4170 dea

715 4180 791 4247 (sup.
810 4181 874 4232 add.
890 4182 917 4246 s)
936 4180 968 4232 F.
985 4212 1020 4221 -
1038 4192 1067 4237 et
1085 4184 1113 4235 in
1132 4185 1247 4237 homines
1264 4184 1295 4237 F.
1331 4188 1359 4237 in
1376 4186 1444 4238 hom.
1464 4188 1531 4252 (om.
1549 4187 1593 4251 at)
1612 4187 1684 4238 [ΗΞ.
1702 4216 1733 4224 -
1753 4188 1889 4237 heatorarn

716 4254 785 4309 (orn.
803 4254 842 4309 et)
859 4266 878 4316 g
894 4248 921 4300 in
941 4266 997 4317 mg.
1021 4282 1056 4290 —
1078 4262 1275 4305 reservatam
1295 4253 1424 4318 ‚‚0xon.“
1443 4254 1528 4305 Gran.
1546 4253 1593 4319 qui
1611 4260 1705 4305 tamen
1724 4255 1825 4319 prohat
1843 4270 1888 4303 re-

710 4319 823 4380 fertum·
845 4345 880 4353 -
903 4317 1030 4372 circulus
1052 4320 1075 4372 P
1094 4322 1152 4388 (Ra
1170 4338 1186 4373 a
1205 4339 1231 4388 p.
1249 4324 1300 4385 ιιι.)
1324 4322 1378 4372 ΗΙ.
1404 4350 1439 4358 -
1458 4324 1646 4389 nuncupastis
1667 4322 1744 4391 (sup.
1768 4321 1835 4385 atis)
1857 4319 1888 4372 C.

716 4384 885 4435 nominatis
901 4383 973 4435 Βιιιι.
1125 4393 1151 4440 2.
1187 4390 1257 4457 qaod
1273 4390 1302 4441 in
1320 4390 1399 4441 lactei
1416 4390 1523 4441 circuli
1539 4390 1592 4439 ssr.
1609 4419 1643 4427 -
1660 4407 1698 4443 aa
1714 4391 1790 4441 circis
1809 4388 1839 4441 G.
1875 4405 1889 4440 ο

751 4582 794 4630 25.
829 4580 916 4635 lamen
929 4589 1079 4656 atramque]
1094 4588 1226 4641 lid-not·
1241 4588 1277 4642 ad
1332 4589 1450 4641 Circulos
1468 4607 1521 4640 non
1538 4590 1578 4641 ita
1594 4590 1714 4654 dicimus,
1733 4597 1763 4641 ut
1781 4590 1887 4656 liquen-

717 4662 741 4697 ο.
759 4650 788 4710 3,
809 4646 822 4713 5
842 4653 882 4700 1³.
1327 4658 1363 4709 tis
1395 4665 1510 4708 naturae
1544 4658 1699 4709 discrimina
1732 4659 1888 4724 corpulenta

750 4750 794 4797 26.
830 4753 962 4805 camsi„
979 4756 1060 4822 mm]
1082 4755 1124 4808 cp·
1143 4774 1166 4807 c·
1187 4760 1227 4808 13·
1321 4727 1478 4793 fingamus,
1511 4726 1557 4776 aad
1579 4733 1609 4777 at
1630 4741 1754 4806 ascensus
1778 4726 1887 4776 descen.

1327 4808 1423 4859 sasque
1439 4793 1476 4842 cd
1493 4810 1541 4844 nos
1562 4800 1707 4843 uranicum
1725 4795 1887 4844 demonstre-

752 4844 817 4928 ψ
836 4850 862 4900 2.
891 4849 952 4931 ‘list
974 4861 1062 4905 autem
1085 4855 1186 4907 lacteas
1208 4872 1278 4908 anas
1326 4876 1392 4910 mas.
1428 4859 1693 4927 Etdeipsolactao
1713 4862 1886 4927 paulopost:

717 4929 830 4965 ectrars
851 4934 896 4999 qap
919 4920 1037 4973 anshiant
1057 4922 1168 4987 caelans]
1196 4924 1277 4986 „lma
1330 4927 1400 4977 Nam
1429 4928 1542 4991 confinia
1576 4929 1761 4995 septentrionis
1795 4929 1888 4980 circuli

716 4996 770 5062 nop
789 4985 930 5048 unusrlle
948 5003 963 5037 a
982 4988 1055 5039 caeli
1074 4988 1205 5054 circulis,
1226 4991 1276 5041 scd
1326 5000 1421 5056 natas,
1455 4994 1483 5043 in
1498 4996 1634 5060 finitorem
1657 4998 1821 5049 antarcticos
1843 5014 1887 5047 re-

716 5065 816 5100 unrcus
840 5054 1042 5116 quodammodo
1066 5056 1093 5107 in
1118 5058 1197 5107 caclo
1221 5058 1277 5109 cir·
1326 5062 1416 5128 gianis
1434 5062 1583 5127 acclinans,
1606 5080 1693 5130 paena
1710 5072 1792 5117 toturn
1811 5065 1887 5115 vidc-

717 5117 817 5198 opius..
841 5120 1003 5174 Errantium
1022 5122 1097 5174 enim
1117 5124 1277 5192 reliquique
1326 5136 1520 5194 turpcrracare
1541 5131 1657 5195 caelum,
1683 5149 1759 5198 paens
1778 5133 1888 5199 paridam

717 5187 819 5237 circula
836 5204 888 5240 nco
905 5207 936 5241 ra
954 5208 1004 5241 nec
1019 5192 1115 5256 spacia
1133 5192 1214 5255 tales,
1226 5194 1276 5245 scd
1326 5195 1393 5246 mihi
1410 5195 1527 5262 desipere
1546 5198 1671 5250 videatur
1693 5200 1740 5266 pai
1761 5201 1888 5252 circulans

716 5269 779 5318 cos,
817 5260 849 5308 ut
882 5264 964 5311 cauta
997 5259 1113 5327 scripsit
1142 5258 1276 5327 Gapclla:
1326 5266 1521 5331 negaverant.“
1545 5264 1633 5317 Pon-c.
