5092 6425
821 874 958 943 COMM.
979 875 1023 944 IN
1045 873 1171 942 SOMN.
1193 872 1292 942 SCIP.
1334 876 1409 942 LIB.
1430 877 1454 940 1.
1497 876 1587 945 GAP.
1606 879 1675 944 XV.
1787 877 1830 950 89
1862 876 1866 886 '

659 1043 772 1130 quites.
822 1043 970 1130 Quinque
996 1045 1046 1110 alii
1073 1046 1177 1110 circuli
1206 1046 1342 1131 paralleli
1370 1053 1526 1113 vocantur.
1568 1045 1688 1112 Horum
1710 1047 1879 1116 medius13

660 1137 692 1193 et
718 1128 873 1193 maximus
898 1138 945 1194 est
972 1131 1218 1215 aequinoctialis:
1260 1131 1322 1197 duo
1348 1132 1594 1196 extremitatibus
1617 1132 1708 1196 vicini
1736 1141 1767 1197 at
1788 1155 1829 1198 ue

659 1213 730 1279 ideo
754 1214 877 1292 breves,
903 1236 1035 1300 quorum
1053 1237 1135 1280 unus
1157 1217 1404 1301 septentrionalis
1424 1217 1550 1293 dicitur,
1577 1217 1654 1281 altor
1673 1155 1828 1283 austradis:

660 1299 741 1363 inter
762 1298 819 1364 hos
845 1308 877 1364 et
897 1301 1031 1364 medium
1059 1300 1120 1366 duo
1149 1310 1222 1366 sunt
1242 1302 1367 1387 tropici,
1400 1302 1531 1366 maiores
1557 1301 1688 1379 ultimis,
1727 1303 1828 1368 medio

659 1384 810 1461 minores,
838 1394 869 1450 et
890 1385 948 1470 ipsi
968 1407 1005 1450 ex
1026 1394 1158 1471 utraque
1201 1395 1267 1450 arte
1289 1407 1384 1452 zonae
1404 1395 1492 1452 ustae
1513 1387 1678 1451 terminum
1704 1386 1879 1467 iaciuntlrs]

660 1470 788 1534 Praeter
810 1469 866 1534 hos
890 1471 941 1534 alii
961 1471 1023 1535 duo
1046 1479 1118 1536 sunt
1139 1408 1249 1548 coihri,
1285 1472 1397 1557 quibus
1422 1493 1536 1536 nomen
1558 1470 1642 1536 dedit
1663 1472 1880 1556 inperfectam

661 1555 835 1620 conversio:
873 1556 1043 1620 ambientes
1068 1556 1150 1621 enim
1173 1556 1453 1642 septemtrionalem
1473 1557 1618 1622 verticem
1645 1565 1738 1642 atque
1758 1556 1829 1622 inde

662 1640 693 1703 in
720 1639 839 1705 diversa
865 1641 968 1705 diffusi
1000 1649 1031 1705 et
1058 1662 1091 1705 se
1118 1644 1149 1705 in
1178 1662 1301 1707 summo
1326 1643 1512 1706 intersecant
1536 1649 1568 1706 et
1595 1642 1732 1726 quinque
1761 1662 1829 1727 par-

661 1724 766 1790 allelos
788 1725 820 1790 in
842 1734 1007 1810 quaternas
1032 1733 1133 1811 partes
1155 1728 1325 1812 aequaliter
1347 1726 1500 1803 dividunt,
1538 1725 1693 1791 zodiacum
1720 1727 1762 1790 ita
1783 1727 1829 1790 in·

660 1818 864 1888 terseoantes,
900 1819 936 1875 ut
961 1832 1041 1876 unus
1070 1832 1177 1875 eorum
1207 1833 1261 1897 per
1283 1812 1421 1876 Arietem
1448 1819 1480 1876 et
1498 1811 1636 1887 Libram,
1671 1811 1747 1875 alter
1774 1833 1829 1896 per

662 1894 814 1960 Cancrum
836 1903 929 1981 atque
952 1895 1174 1981 Capricornum
1196 1896 1326 1961 meando
1347 1897 1502 1961 decurrat:
1532 1896 1584 1962 sed
1604 1897 1641 1960 ad
1663 1896 1827 1960 australem

661 1981 805 2045 verticem
828 2002 891 2044 non
912 1981 1073 2066 pervenire
1100 1980 1275 2047 creduntur.
1317 1982 1389 2046 Duo
1419 1981 1472 2066 qui
1494 1981 1531 2045 ad
1555 2001 1718 2046 numerum
1741 2002 1828 2066 prae·
1839 1987 1878 2051 15

662 2063 776 2130 dictum
809 2073 990 2151 supersunt,
1030 2067 1216 2131 meridianus
1249 2074 1281 2130 et
1311 2066 1454 2142 horizon,
1493 2086 1556 2129 non
1589 2066 1765 2130 scribuntur
1796 2067 1828 2131 in

661 2149 805 2234 sphaera,
833 2151 904 2235 quia
926 2158 1043 2215 certum
1065 2151 1166 2216 locum
1187 2151 1301 2216 habere
1323 2171 1385 2215 non
1408 2157 1551 2235 possunt,
1577 2150 1629 2213 sed
1651 2171 1707 2234 pro
1728 2150 1828 2215 diver-

661 2235 750 2298 sitate
789 2234 919 2299 circums
942 2235 1061 2299 icientis
1094 2236 1299 2300 habitantisve
1335 2234 1499 2300 variantur.
1553 2233 1744 2299 Meridianus
1782 2241 1879 2305 estld

659 2318 742 2381 enim
770 2340 861 2403 quem
889 2257 949 2398 soi,
980 2341 1050 2386 cum
1080 2343 1117 2385 su
1139 2342 1173 2385 er
1203 2319 1363 2384 hominum
1385 2319 1531 2386 verticem
1558 2318 1692 2395 venerit,
1726 2320 1827 2467 ippum

661 2403 743 2466 diem
771 2405 904 2469 medium
927 2405 1087 2470 efficiendo
1109 2343 1261 2490 designat:
1288 2412 1320 2468 et
1341 2405 1412 2490 quia
1435 2403 1601 2488 globositas
1622 2410 1722 2467 terrae
1764 2405 1827 2468 abi-

660 2488 792 2552 tationes
814 2490 951 2555 omnium
976 2492 1119 2575 aequales
1142 2491 1199 2555 sihi
1221 2511 1288 2554 esse
1310 2511 1373 2554 non
1395 2489 1523 2575 patitur,
1545 2510 1609 2553 non
1629 2488 1734 2552 eadem
1757 2510 1828 2587 pars

660 2573 735 2637 caeli
758 2575 897 2640 omnium
921 2577 1067 2641 verticem
1094 2575 1236 2661 despicit:
1279 2582 1311 2639 et
1330 2575 1399 2640 ideo
1421 2595 1502 2639 unus
1523 2573 1666 2638 omnibus
1687 2575 1828 2639 meridia·

661 2679 718 2722 nus
740 2680 807 2724 esse
829 2682 891 2724 non
915 2661 1041 2744 poterit,
1068 2660 1121 2725 sed
1142 2659 1270 2745 singulis
1292 2661 1435 2744 gentibus
1455 2681 1548 2744 super
1568 2659 1713 2725 verticem
1736 2681 1827 2726 suum

661 2745 803 2828 proprius
823 2745 1012 2810 meridianus
1031 2744 1171 2811 efficitur.
1218 2745 1365 2810 Similiter
1386 2745 1443 2810 sibi
1464 2745 1654 2809 horizontem
1680 2744 1751 2808 lacit
1771 2745 1878 2814 cir-ll

660 2829 847 2914 cumspectio
878 2829 1079 2914 singulorum.
1128 2829 1264 2894 Horizon
1292 2839 1339 2895 est
1365 2831 1447 2895 enim
1478 2830 1562 2896 velut
1588 2829 1721 2915 quodam
1747 2831 1828 2896 circo

660 2912 836 2999 designatus
864 2915 1016 2979 terminus
1043 2914 1118 2980 caeli
1147 2915 1230 3000 quod
1259 2937 1352 2998 super
1381 2923 1494 2979 terram
1521 2913 1657 2981 videtur:
1695 2923 1727 2981 et
1756 2916 1828 3002 quia

661 2999 697 3062 ad
720 3000 820 3085 ipsum
843 3020 916 3065 vere
939 3000 1029 3064 linem
1055 3021 1117 3064 non
1138 3006 1240 3084 potest
1266 2999 1401 3064 humana
1421 3000 1501 3064 acies
1523 3000 1698 3098 pervenire,
1731 3022 1829 3086 quan-

659 3090 725 3147 tum
754 3085 887 3170 quisue
927 3085 1032 3149 oculos
1070 3084 1313 3149 circumferendo
1353 3091 1547 3169 conspexerit
1577 3085 1737 3170 proprium
1770 3086 1828 3150 sibi

660 3169 735 3234 caeli
758 3105 846 3254 quod
865 3190 957 3255 super
977 3178 1091 3235 terram
1114 3177 1161 3234 est
1182 3169 1349 3234 terminum
1368 3168 1448 3233 tacit.
1490 3169 1548 3233 Hic
1568 3169 1711 3247 horizon,
1734 3191 1827 3256 quem
1840 3172 1879 3239 18

661 3254 718 3318 sibi
739 3255 981 3340 uniuscuiusque
1000 3255 1223 3321 circumscribit
1243 3264 1392 3340 aspectus,
1414 3254 1495 3318 ultra
1516 3261 1669 3318 trecentos
1691 3261 1722 3317 et
1741 3276 1827 3319 sexa-

660 3339 745 3423 ginta
770 3339 885 3404 stadios
908 3339 1131 3425 longitudinem
1153 3342 1234 3406 intra
1256 3361 1289 3405 se
1318 3339 1476 3405 continere
1498 3358 1560 3402 non
1583 3337 1705 3423 poterit
1748 3337 1827 3403 Cen·

1451 3490 1534 3553 [Edd.
1558 3487 1761 3557 vicahgspdzb.

662 3582 731 3635 (om.
747 3582 772 3626 ct
787 3575 925 3636 anteced.)
942 3575 973 3628 F.
1126 3583 1165 3631 13.
1206 3581 1327 3645 Quinque
1342 3586 1448 3630 antem
1466 3576 1516 3628 alii
1535 3575 1605 3626 Bas.
1642 3577 1829 3642 quinquean-

660 3651 723 3695 tcai
735 3648 803 3703 (om.
821 3643 925 3704 atine.
943 3673 977 3682 -
991 3646 1130 3711 parallclli
1147 3649 1239 3700 circuli
1256 3648 1306 3698 Ra.
1342 3664 1443 3714 acque
1463 3652 1597 3698 stantes
1614 3645 1741 3711 paralleli
1760 3650 1829 3704 (om.

662 3711 767 3771 circuli]
783 3712 854 3764 Bra.
872 3742 906 3751 —
925 3713 977 3763 duo
995 3715 1089 3780 tropici
1106 3721 1175 3776 (om.
1192 3722 1268 3777 sunt)
1287 3716 1357 3767 Bas.
1373 3745 1408 3753 -
1427 3715 1479 3783 ipsi
1497 3719 1566 3773 (om.
1584 3718 1622 3772 et)
1641 3712 1712 3763 Bas.
1727 3742 1762 3750 -
1782 3732 1829 3764 eo·

661 3795 714 3829 nac
729 3789 869 3845 perustae
889 3781 939 3831 R2.
957 3810 992 3818 —
1009 3784 1142 3835 terminos
1158 3784 1179 3833 F
1184 3785 1309 3836 Banna.
1462 3784 1503 3833 14.
1539 3783 1590 3832 duo
1605 3789 1668 3835 sunt
1686 3782 1735 3832 alii
1752 3797 1776 3830 v.
1795 3810 1831 3819 -

662 3847 746 3897 coluri
763 3865 816 3900 om.
836 3848 865 3899 S.
901 3849 996 3901 coculi
1014 3849 1043 3900 Ρ.
1080 3854 1144 3902 cori
1161 3853 1235 3919 (sup.
1251 3854 1293 3917 lu,
1310 3851 1338 3902 iu
1362 3868 1417 3919 mg.
1436 3850 1553 3916 curuli)
1575 3849 1605 3898 F.
1650 3849 1829 3902 circuliRl

661 3931 679 3966 v
695 3914 730 3979 (C
748 3933 807 3981 sup.
824 3917 928 3968 caruli
946 3933 1017 3967 corr.
1032 3917 1060 3968 in
1079 3921 1157 3985 cur).
1194 3921 1266 3983 „Me
1286 3936 1425 3986 suprascr.
1441 3920 1531 3970 circi.“
1545 3946 1580 3955 --
1596 3919 1737 3968 ambientes
1751 3917 1831 3981 (add.

662 3997 678 4033 a
697 4000 752 4034 sec.
766 4002 802 4035 m.
817 3986 899 4046 enim)
920 3984 994 4035 Fue.
1009 4014 1044 4022 -
1062 3994 1142 4052 atque
1157 3987 1225 4050 (orn.
1244 3988 1321 4052 inde)
1338 3987 1408 4038 Βιιιι.
1422 4016 1457 4024 -
1475 3986 1564 4038 divisi
1582 3983 1667 4034 Boon.
1687 4000 1703 4032 a
1721 4000 1776 4033 sec.
1794 4000 1831 4035 ιιι.

661 4078 695 4087 -
713 4052 899 4103 intersecantes
919 4057 988 4111 (om.
1008 4053 1061 4112 ita)
1082 4070 1107 4104 v.
1126 4062 1202 4105 -et
1220 4057 1400 4120 capricornum
1418 4053 1450 4104 F.
1467 4082 1502 4090 -
1519 4052 1664 4101 discurrat
1685 4047 1762 4097 CTrr.

662 4122 703 4168 15.
739 4121 774 4171 ad
789 4122 955 4187 praedictum
967 4136 1104 4171 nnmerum
1121 4119 1152 4170 F.
1167 4150 1198 4158 -
1219 4122 1251 4171 id
1267 4128 1317 4172 est
1333 4121 1496 4170 meridianus
1509 4117 1638 4180 „legecx
1649 4113 1832 4164 Oxoniensi·“

662 4185 747 4237 Gran.
902 4189 943 4236 16.
981 4187 1148 4238 Meridianns
1170 4188 1237 4237 eninr
1260 4195 1298 4238 est
1320 4185 1393 4236 082.
1417 4214 1451 4223 -
1474 4181 1649 4232 habitationes
1672 4180 1831 4231 hominum

660 4252 756 4304 Pssaa.
772 4283 807 4290 -
822 4270 892 4303 unus
910 4254 1037 4302 omnium
1054 4252 1085 4304 F.
1102 4284 1136 4292 -
1154 4254 1273 4322 singulis
1287 4258 1355 4313 (our.
1373 4251 1510 4319 gentibus)
1528 4263 1553 4295 v.
1569 4275 1604 4283 -
1620 4246 1766 4311 efficiatur
1779 4247 1830 4301 Rl.

764 4325 807 4368 lt.
842 4321 984 4369 orizontem
1002 4320 1053 4370 siti
1064 4324 1136 4385 facit
1155 4323 1203 4371 R2.
1235 4322 1308 4385 facit
1325 4319 1374 4370 sihi
1389 4317 1548 4368 horizontem
1565 4330 1626 4380 v-g.
1644 4342 1679 4350 -
1697 4314 1747 4364 Est
1763 4314 1832 4366 enim

662 4387 752 4436 orizon
769 4387 820 4433 Rl.
857 4387 947 4434 orizon
966 4386 1035 4436 enim
1054 4396 1092 4438 cst
1112 4389 1162 4437 Rs.
1181 4416 1215 4424 -
1238 4389 1401 4455 designatur
1418 4384 1469 4433 ttt.
1488 4410 1523 4419 -
1545 4390 1575 4434 et
1590 4381 1659 4449 quod
1677 4379 1706 4431 C.
1728 4407 1764 4418 -
1785 4399 1832 4435 oe-

660 4468 731 4502 ram
752 4451 820 4499 Bau.
841 4450 876 4508 (h
893 4466 908 4499 a
928 4467 983 4500 sec.
1003 4458 1063 4511 m).
1080 4484 1115 4492 —-
1137 4456 1283 4521 conspexit
1300 4471 1328 4518 g.
1362 4451 1583 4517 circumspexit
1607 4449 1660 4500 Hl.

662 4523 705 4568 18.
743 4518 793 4567 llic
810 4515 1084 4583 cesurae-geere.
1121 4522 1191 4572 hinc
1213 4522 1355 4571 s-bPBsn.
1379 4548 1414 4557 -
1437 4518 1671 4583 circumscripsit
1694 4515 1743 4567 Pe.
1778 4518 1832 4567 cir·

662 4584 822 4652 cumspicit
845 4582 876 4632 0·
899 4612 933 4620 —
958 4591 1078 4637 trecenta
1096 4587 1132 4647 (1⁴¹
1151 4605 1212 4654 sup.
1230 4593 1271 4647 os)
1290 4595 1315 4640 ct
1332 4587 1475 4655 sexaginta
1492 4586 1588 4636 stadia
1610 4584 1665 4635 GF-
1700 4583 1755 4635 sed
1774 4593 1832 4638 sta-

698 4722 739 4770 14.
776 4718 970 4785 coluri,qaibus
983 4736 1076 4770 nomen
1094 4720 1166 4772 dedit
1181 4720 1226 4771 in·
1277 4738 1336 4790 ogr.
1355 4720 1412 4771 vol.
1433 4720 1461 4780 l,
1485 4722 1588 4785 poss.
1624 4718 1735 4770 Gemin.
1756 4720 1833 4788 laag.

661 4792 779 4856 perfecta
794 4786 936 4853 conversio]
949 4782 1226 4854 Kdiovpoc,auerbis
1278 4807 1302 4841 c.
1319 4792 1344 4839 4.
1381 4787 1485 4839 Achill.
1504 4786 1568 4837 Tat.
1586 4788 1661 4854 laag.
1682 4792 1726 4838 21.
1760 4788 1834 4853 Hip-

664 4850 787 4906 κολούειν
806 4861 833 4905 et
851 4848 931 4921 cripui,
949 4857 1000 4915 (cl.
1020 4855 1139 4921 Oppian.
1158 4856 1225 4907 Hal.
1278 4856 1424 4922 patched
1444 4857 1521 4907 drot.
1537 4855 1690 4906 Phaonem.
1710 4856 1732 4914 l,
1753 4861 1787 4905 21
1805 4862 1834 4906 et

666 4924 716 4987 IV,
746 4925 805 4972 484.
836 4918 887 4988 τὴν
913 4918 936 4973 δ’
960 4918 1102 4975 ἐκόλουσεν
1128 4917 1226 4990 οὐρῆς]
1277 4929 1320 4976 29.
1356 4925 1498 4976 Eratosth.
1523 4942 1549 4989 p.
1570 4928 1621 4973 262
1639 4923 1669 4973 d.
1703 4923 1833 4974 Eustath.

668 4997 732 5040 sunt
750 4991 837 5041 cauda
854 4992 941 5042 trunci
959 4993 1057 5043 circuli.
1093 4991 1136 5042 Gi.
1156 5008 1226 5056 quaa
1278 5011 1305 5059 p.
1334 4996 1396 5057 154,
1424 4997 1459 5042 20
1486 4991 1519 5041 G.
1545 4991 1576 5041 l).
1613 4992 1696 5042 hlart.
1725 4991 1834 5055 Capell.

668 5062 833 5123 sequuntur:
871 5060 907 5108 ad
934 5061 1077 5111 australem
1105 5062 1226 5111 verticem
1279 5061 1356 5123 Vlll,
1383 5063 1395 5126 ᾗ
1419 5063 1470 5110 823
1495 5064 1522 5110 et
1544 5062 1596 5109 832
1618 5076 1693 5124 seqq.
1735 5059 1834 5108 dlanit.

668 5126 702 5184 (i.
717 5143 741 5174 e.
760 5126 869 5189 polum)
889 5145 941 5177 nou
954 5129 1092 5194 peruenire
1111 5129 1227 5180 credun·
1279 5130 1390 5181 Astron.
1406 5128 1434 5192 l,
1451 5131 1511 5177 600.

668 5200 719 5243 tar.
753 5191 797 5241 cf.
815 5192 905 5260 Pauly
923 5195 1134 5263 Real-Eucycl.
1157 5214 1179 5247 s.
1197 5196 1227 5246 h.
1314 5202 1356 5247 18.
1390 5194 1501 5260 stadios]
1529 5192 1716 5244 Masculinum
1746 5207 1836 5255 genus

668 5275 705 5323 m,
724 5264 753 5311 et
770 5258 910 5326 Forbiger
928 5262 1039 5316 Handb.
1059 5264 1085 5315 d.
1103 5265 1152 5316 alt.
1171 5264 1228 5317 Go—
1278 5265 1333 5319 hoc
1356 5280 1409 5317 uno
1434 5264 1496 5315 loco
1520 5260 1563 5312 his
1585 5265 1681 5326 aperte
1703 5258 1838 5311 tribuitur
