5092 6425
652 916 739 962 axau
1039 875 1047 901 ‘
1097 882 1433 953 PROLEGOMENA.

653 1064 809 1129 iuvenitur,
834 1077 888 1114 uon
907 1058 964 1113 uisi
986 1056 1068 1112 unius
1087 1056 1194 1111 codicis
1213 1073 1297 1109 manu
1316 1054 1416 1125 scripti
1429 1053 1497 1119 ’(Ρσ)
1516 1053 1687 1107 auctoritate
1705 1053 1822 1118 nititur,
1852 1061 1879 1108 ot

653 1155 771 1222 apparet
792 1146 921 1217 inprimis
944 1161 978 1197 cx
1002 1143 1056 1196 illa
1080 1142 1300 1210 disputationum
1324 1143 1358 1194 de
1379 1141 1501 1210 Virgilio
1520 1141 1713 1192 habendarum
1731 1156 1879 1192 enumcra-

654 1239 740 1300 tione,
757 1250 829 1302 quae
844 1231 951 1300 legitur
969 1227 998 1281 in
1018 1227 1085 1281 libri
1100 1228 1123 1280 i.
1143 1227 1235 1296 capite
1252 1229 1297 1292 24,
1315 1233 1373 1279 tum
1392 1227 1503 1278 demum
1521 1242 1581 1278 earu
1602 1243 1664 1277 esse
1679 1227 1796 1288 iactum,
1816 1243 1877 1276 cum

652 1330 813 1392 parteseae
836 1315 947 1384 operis,
968 1313 1088 1401 quaein
1109 1313 1238 1366 omnibus
1257 1318 1286 1365 et
1304 1328 1388 1365 manu
1406 1310 1521 1379 scriptis
1540 1317 1569 1363 et
1587 1311 1663 1379 typis
1680 1311 1765 1363 editis
1784 1300 1879 1363 exem'-

652 1409 781 1478 pleribus
802 1402 1009 1464 desiderantur,
1026 1399 1082 1453 iam
1103 1406 1198 1451 essent
1212 1399 1347 1467 perditae.

722 1495 763 1544 lie
784 1491 821 1543 iis
838 1493 932 1541 autern
949 1501 1021 1552 qaae
1038 1485 1183 1552 deperdita
1201 1489 1266 1536 sunt
1282 1483 1389 1553 primus
1402 1481 1804 1535 Arnoldusi'esaliensis
1818 1482 1877 1550 (qui

654 1580 743 1634 edidit
760 1573 933 1630 Macrobiusn
953 1569 1086 1623 Coloniae
1105 1570 1226 1622 Muxxl
1244 1575 1272 1622 ct
1290 1569 1457 1635 Muxxva)
1476 1571 1609 1622 nonnulla
1627 1569 1788 1633 adnotavit,
1807 1585 1878 1636 qnae

653 1684 671 1721 a
690 1664 853 1719 camerario
873 1663 901 1711 et
922 1655 988 1709 aliis
1008 1662 1073 1709 sunt
1095 1662 1218 1724 recepta.
1258 1655 1414 1708 Divisionis
1439 1655 1519 1707 illios
1542 1672 1592 1723 per
1618 1654 1679 1708 dies
1703 1655 1812 1725 primus
1835 1672 1879 1708 ra·

654 1753 759 1806 tionem
782 1745 883 1803 babuit
902 1742 1098 1794 [rudovicus
1118 1741 1239 1794 carrio
1262 1741 1292 1793 in
1313 1741 1437 1793 editione
1455 1758 1488 1794 ca
1509 1757 1580 1808 qnae
1601 1741 1674 1794 sciet
1695 1743 1792 1795 vocari
1815 1744 1878 1796 Ste-

654 1836 796 1906 piraniana
816 1830 918 1900 (Paris.
936 1826 1149 1893 bosxxxv),
1176 1827 1225 1879 sed
1251 1827 1323 1880 satis
1342 1827 1537 1895 negligenter,
1566 1828 1667 1880 tribuit
1687 1828 1761 1880 eninr
1786 1829 1877 1896 primo

655 1922 712 1975 dici
731 1922 834 1974 librum
854 1917 989 1985 primum,
1009 1912 1130 1966 secundo
1149 1911 1252 1964 librum
1271 1914 1425 1965 secundum
1443 1920 1472 1964 et
1488 1915 1535 1979 (ex
1555 1930 1650 1965 errore
1667 1913 1794 1979 videtur,
1811 1915 1878 1981 quia

654 2007 755 2061 tertius
771 2006 831 2057 dias
849 2001 1001 2065 omittitur)
1019 1998 1142 2062 tertiam,
1156 2004 1256 2065 quarta
1277 1997 1382 2050 librum
1399 2004 1544 2066 quartum,
1561 1999 1658 2066 quinto
1676 1999 1779 2051 librum
1797 1999 1879 2066 quin-

655 2098 724 2159 tam,
740 2097 768 2144 et
784 2091 813 2142 in
827 2087 935 2141 ultimis
950 2084 1057 2138 duobus
1076 2083 1158 2135 libris
1173 2084 1282 2135 nulium
1300 2083 1373 2135 diern
1389 2084 1505 2135 notavit
1532 2085 1593 2135 Hoc
1609 2101 1663 2137 non
1680 2091 1757 2136 recte
1771 2084 1878 2136 iactum

654 2194 717 2231 erse
729 2175 801 2229 vidit
813 2175 858 2227 io.
868 2175 977 2226 isaac.
988 2172 1118 2223 Poatau
1127 2185 1173 2230 ιιι,
1188 2169 1247 2235 (qui
1257 2168 1432 2220 Macrobium
1443 2167 1531 2220 edidit
1540 2169 1631 2237 bugd,
1641 2170 1702 2225 Bat.
1712 2170 1877 2222 nluxcvn.

655 2270 684 2317 st
699 2259 932 2315 Mncxxvlllu:
952 2258 1015 2308 ideo
1034 2253 1233 2322 inscriptiones
1244 2254 1356 2321 quidem
1375 2255 1511 2307 librorum
1529 2272 1581 2307 non
1596 2256 1724 2327 mutavit,
1736 2255 1791 2309 nisi
1805 2257 1877 2324 quoti

654 2349 684 2401 in
701 2349 777 2400 libro
792 2347 823 2400 V.
841 2343 899 2397 diei
916 2339 1152 2411 significationem
1173 2339 1270 2391 omisit
1287 2346 1316 2392 et
1330 2341 1480 2410 septimum
1499 2340 1602 2394 librum
1621 2341 1781 2409 inscripsit:
1809 2344 1878 2395 Con-

653 2435 786 2487 oioiorum
800 2430 956 2500 postremi
974 2429 1028 2480 diei
1048 2426 1263 2479 saturnaliorum
1278 2427 1343 2479 tiber
1362 2429 1504 2495 septimas,-
1521 2428 1570 2479 sed
1589 2428 1736 2480 adnotavit
1759 2427 1794 2480 ad
1811 2426 1878 2479 libri

654 2518 691 2571 ii.
711 2516 937 2582 inscriptionem:
962 2513 1062 2577 „ilaec
1080 2511 1271 2564 conviviorum
1295 2510 1323 2562 in
1342 2511 1402 2562 dies
1421 2510 1555 2565 discretio
1572 2512 1710 2582 Stephani
1728 2513 1818 2565 snlius
1836 2513 1879 2565 in-

655 2607 768 2655 ventura
784 2604 836 2651 est.
871 2597 994 2651 Secundi
1009 2596 1059 2647 bic
1074 2595 1132 2647 diei
1150 2602 1317 2649 conventam
1333 2595 1411 2661 iecit,
1429 2597 1477 2664 qui
1499 2615 1598 2651 revera
1614 2599 1707 2651 adbuc
1725 2599 1809 2667 primi
1827 2604 1879 2652 est.

655 2688 718 2739 iioc
741 2685 766 2738 ai
790 2683 861 2738 mibi
883 2701 937 2736 nou
962 2679 1102 2742 creditur,
1133 2680 1266 2732 credatur
1289 2682 1333 2733 vei
1356 2683 1455 2734 exodio
1474 2684 1540 2736 iibri
1563 2683 1726 2752 praemissi,
1752 2685 1800 2736 ubi
1824 2701 1878 2737 non

655 2772 798 2825 discessus
816 2769 966 2832 indicitur,
994 2767 1043 2818 sed
1062 2766 1098 2817 ad
1120 2766 1219 2832 epulas
1237 2771 1265 2818 et
1286 2767 1386 2834 pocula
1403 2785 1562 2822 concessus.
1596 2771 1638 2821 Ile
1656 2776 1750 2822 cetero
1769 2785 1820 2821 suo
1836 2769 1879 2822 vi·

656 2857 785 2910 dabimus
809 2857 901 2908 ioco.“
934 2854 1023 2920 idque
1043 2868 1094 2903 auo
1116 2850 1179 2903 iure
1201 2844 1299 2904 iecit:
1315 2853 1364 2905 sed
1383 2853 1445 2922 ipse
1464 2872 1517 2908 nou
1536 2854 1627 2907 solum
1646 2855 1733 2907 alium
1752 2870 1878 2906 errorem

655 2943 780 3007 admisit,
791 2944 839 2995 red
853 2940 938 2994 etiam
951 2938 1079 2992 fraudem
1096 2936 1247 3001 commisit,
1261 2944 1292 2990 nt
1309 2940 1403 2992 omnia
1417 2940 1558 3007 probabili
1572 2941 1690 3007 quodam
1704 2942 1786 2992 modo
1804 2939 1880 2993 ordi-

655 3034 745 3081 naret.
781 3026 920 3080 Adnexnit
938 3024 1012 3078 enim
1029 3023 1064 3074 ad
1082 3020 1165 3074 finem
1184 3022 1253 3074 libri
1271 3024 1308 3091 ii,
1326 3025 1373 3077 ubi
1393 3025 1489 3079 videas
1506 3025 1567 3079 eius
1582 3025 1801 3088 adnotationem,
1816 3030 1879 3077 octo
1923 3062 1932 3075 .

656 3113 757 3166 ultima
771 3112 839 3164 libri
856 3112 907 3164 lli.
924 3110 1028 3178 capita,
1043 3108 1273 3175 qaaodngiicsni
1291 3112 1398 3165 codicis
1415 3111 1519 3164 iudicio
1536 3112 1592 3164 buc
1605 3128 1667 3164 esse
1684 3111 1881 3165 transferenda

656 3199 812 3262 contendit,
840 3202 925 3265 atque
942 3196 978 3249 sd
998 3209 1093 3246 corum
1111 3192 1194 3245 linem
1215 3195 1375 3250 adnotavit:
1404 3197 1481 3263 „Nec
1499 3199 1593 3251 turbet
1611 3215 1707 3266 quern,
1732 3197 1804 3265 qnod
1825 3214 1879 3250 non

655 3283 842 3352 Symmachus
859 3282 988 3354 sequenti
1005 3279 1101 3333 statim
1121 3280 1205 3344 libro,
1216 3281 1265 3333 sed
1276 3284 1472 3336 Praetextatus
1491 3283 1597 3351 eloquii
1617 3289 1712 3350 partes
1729 3283 1879 3336 sustineat.

655 3368 704 3422 Fit
721 3375 815 3422 autem
832 3367 860 3420 id
884 3370 963 3433 ideo,
992 3367 1064 3434 quoti
1089 3365 1157 3419 iibri
1173 3366 1296 3434 quinque
1313 3368 1416 3435 reliqui
1434 3368 1517 3421 unius
1534 3374 1700 3432 conventus,
1724 3368 1752 3420 iti
1771 3373 1816 3419 cst
1834 3385 1879 3419 se·

656 3456 740 3509 eundi
764 3454 835 3518 diei,
857 3472 950 3508 sermo
967 3453 1032 3507 sint.
1068 3452 1196 3517 Quatuar
1215 3470 1327 3517 eorum,
1353 3454 1382 3506 id
1405 3460 1449 3505 est
1466 3453 1566 3507 tertius
1584 3450 1700 3521 quartus
1718 3454 1833 3520 quintus
1851 3458 1879 3506 et

655 3547 767 3603 sertus.
792 3546 858 3593 aute
877 3539 1071 3593 oaenotionem
1093 3537 1128 3589 de
1146 3538 1460 3606 biaronepertractant.
1495 3540 1637 3607 Septimus
1656 3540 1768 3591 taudem
1788 3538 1880 3606 ipsius

655 3625 778 3676 convivii
802 3641 962 3677 consessum
985 3628 1014 3675 et
1035 3639 1191 3674 sermonem
1213 3624 1351 3688 continet,
1380 3629 1464 3691 sique
1490 3625 1530 3677 ibi
1552 3625 1740 3694 Symmachus
1766 3622 1879 3676 dicendi

655 3707 742 3773 vices,
760 3724 830 3775 quas
847 3708 896 3759 iric
911 3707 1037 3776 epularis
1057 3712 1086 3758 et
1105 3707 1202 3759 varius
1220 3709 1254 3761 ad
1272 3728 1335 3763 eum
1353 3726 1446 3762 sermo
1465 3711 1643 3778 perduxerat,
1662 3708 1791 3764 assumit.
1816 3710 1879 3761 iiac

656 3794 842 3846 annotandum
859 3794 970 3855 censui,
991 3790 1126 3859 quianon
1145 3793 1216 3845 satis
1233 3794 1305 3847 baec
1321 3796 1472 3860 hactenus,
1492 3796 1577 3849 immo
1595 3796 1706 3849 omnino
1725 3812 1778 3848 non
1797 3812 1879 3864 spec·

656 3883 716 3931 tata
740 3880 836 3931 sunt.“
880 3879 973 3947 Quum
999 3876 1088 3928 semel
1112 3879 1253 3946 colloquia
1279 3882 1401 3933 secundo
1426 3881 1473 3933 die
1497 3888 1560 3949 post
1584 3898 1700 3933 coenam
1724 3882 1826 3934 habita
1848 3882 1877 3933 in

655 3962 776 4030 primum
796 3970 890 4016 essent
908 3963 1059 4026 translata,
1077 3978 1144 4014 sane
1163 3963 1217 4016 duo
1236 3970 1343 4018 tanturn
1360 3967 1420 4019 dies
1439 3966 1539 4019 cantici
1557 3972 1694 4035 poterant.
1729 3966 1784 4019 Sed
1804 3968 1878 4019 Pon-

655 4053 738 4102 tsnus
757 4049 818 4119 ipse
835 4048 907 4104 vidit
931 4054 1002 4112 tres,
1025 4064 1079 4100 nau
1099 4048 1167 4113 duo,
1191 4049 1417 4104 Saturnaliorusn
1438 4052 1498 4104 dies
1517 4069 1580 4104 esre
1597 4054 1811 4119 computandos,
1834 4052 1878 4105 vi·

655 4134 698 4187 dit
714 4152 767 4188 nan
785 4151 875 4203 pauca
892 4134 1006 4197 deesse,
1035 4150 1124 4201 neque
1145 4141 1237 4189 tamen
1256 4137 1350 4206 operis
1368 4137 1453 4190 totius
1472 4137 1621 4190 consilium
1641 4137 1798 4206 perspexit,
1828 4142 1879 4189 aut

656 4236 751 4272 eorum
776 4221 913 4274 rationem
937 4220 1051 4287 babuit,
1078 4238 1149 4289 qnae
1173 4224 1207 4275 de
1230 4240 1263 4276 eo
1286 4222 1447 4276 Macrobius
1469 4222 1531 4290 ipre
1556 4222 1677 4275 inseruit
1700 4222 1767 4275 libri
1791 4222 1877 4289 primi

656 4305 743 4374 capiti
762 4307 876 4359 altimo:
901 4307 995 4373 itaque
1010 4323 1070 4367 sera
1086 4307 1244 4372 levissimo,
1268 4323 1304 4359 ne
1322 4307 1413 4359 dicam
1432 4307 1691 4376 impudentissimo,
1714 4308 1811 4373 modo,
1835 4306 1878 4359 sic

656 4388 794 4454 instituit,
830 4397 861 4442 at
891 4391 1007 4441 vulnera
1039 4390 1149 4443 inflicta
1176 4390 1311 4461 temporis
1339 4390 1446 4443 invidis
1471 4392 1555 4446 tertio
1580 4393 1655 4446 libro
1674 4392 1710 4445 -in
1737 4391 1879 4460 principio

654 4479 684 4524 et
714 4473 849 4541 (demptis
884 4480 947 4526 octo
984 4473 1045 4526 iilia
1078 4476 1244 4544 capitibus),
1276 4477 1304 4529 in
1333 4475 1403 4541 line,
1435 4484 1534 4543 quarto
1564 4478 1639 4531 libro
1670 4478 1699 4530 in
1728 4474 1879 4546 principio,

653 4562 732 4610 sexta
749 4557 778 4609 in
799 4557 868 4623 line,
898 4576 951 4612 nou
970 4566 1083 4613 sanaret
1112 4562 1152 4628 (id
1172 4562 1245 4615 enim
1265 4560 1328 4613 lieri
1353 4578 1407 4614 non
1431 4564 1547 4630 potuit),
1574 4565 1623 4617 sed
1647 4563 1796 4632 obtegeret
1817 4562 1879 4614 ioe-

654 4641 698 4694 dis
721 4641 888 4708 quibusdam
918 4645 1051 4698 iacinniis
1075 4665 1109 4700 ex
1139 4647 1191 4701 illo
1220 4647 1317 4701 codice
1345 4645 1588 4717 Cantabrigiensi,
1620 4654 1651 4701 ut
1680 4648 1736 4711 ait,
1769 4646 1879 4715 petitis,

655 4731 685 4778 ct
715 4728 842 4780 studeret
867 4731 987 4796 probare
1011 4732 1186 4784 Macrobimn
1210 4732 1360 4800 scripsisse
1385 4738 1515 4785 octavum
1547 4733 1650 4785 librum
1679 4750 1752 4784 nunc
1778 4733 1880 4801 deper-

653 4812 756 4877 ditum,
786 4815 834 4884 qui
860 4815 1046 4868 continuisset
1069 4816 1146 4869 tertii
1169 4818 1225 4870 diei
1250 4818 1400 4885 colloquia.
1448 4817 1550 4885 idque,
1578 4835 1641 4869 cum
1666 4816 1786 4871 vidisset
1811 4834 1879 4868 nus·

655 4916 739 4965 quam
758 4902 816 4969 legi
835 4901 966 4954 Flaviani
984 4900 1201 4973 disputationem
1218 4905 1253 4957 de
1268 4903 1383 4972 Virgilii
1399 4902 1519 4956 scientia
1537 4902 1608 4955 iuris
1630 4902 1791 4972 auguralis,
1810 4901 1880 4955 iecit

652 5048 752 5102 babet:
774 5054 869 5122 incipit
887 5056 952 5106 iiber
969 5056 1038 5108 iiii.
1055 5055 1088 5106 de
1102 5054 1213 5106 diversis
1230 5058 1434 5124 quaestionibus,
1452 5056 1480 5107 in
1499 5053 1556 5107 fine
1574 5055 1652 5107 nulia
1673 5060 1716 5107 est
1732 5054 1879 5121 subscrip·

652 5117 700 5168 tin.
736 5119 834 5173 Habea
858 5139 927 5190 ergo
950 5121 1177 5176 distributionem
1196 5122 1223 5174 in
1243 5125 1394 5177 librosiV.
1431 5123 1672 5176 Aliadiatribntio
1695 5123 1723 5174 in
1750 5121 1879 5174 librosi‘

651 5185 759 5253 legitur·
777 5188 806 5240 in
823 5191 968 5242 codicibus
984 5191 1031 5244 Ma
1049 5196 1077 5242 at
1088 5191 1128 5242 1²:
1147 5192 1242 5242 seculo
1259 5192 1316 5243 xv.
1333 5192 1458 5258 scriptis.
1492 5192 1525 5243 in
1542 5192 1589 5243 ir'is
1607 5190 1681 5243 enirn
1699 5191 1767 5242 libri
1785 5190 1830 5242 IV.
1845 5189 1878 5240 V.

649 5253 846 5373 gssneificiunt
864 5276 949 5313 unum
969 5259 1074 5313 librum
1095 5258 1155 5323 la,
1189 5264 1217 5311 ot
1239 5259 1314 5313 iiber
1337 5260 1396 5311 vn.
1419 5259 1525 5312 dicitnr
1545 5276 1609 5313 esse
1635 5260 1710 5314 liber
1730 5259 1760 5310 V.
1785 5265 1815 5311 at
1833 5258 1878 5310 ui·

721 5342 745 5375 s.
