5092 6425
698 899 740 965 94
1182 888 1392 959 MAGROBII

783 1063 882 1132 xvlt
923 1062 1007 1128 Haec
1035 1081 1105 1125 cum
1133 1060 1284 1145 Scipionis
1312 1067 1440 1145 optutus
1469 1080 1532 1123 non
1559 1059 1625 1123 sinc
1655 1059 1870 1126 ammiratione

650 1164 885 1239 {salperourrone
907 1147 945 1213 ad
967 1154 1064 1211 terras
1084 1167 1184 1231 usque
1213 1145 1353 1210 {luxisset
1372 1153 1404 1209 et
1427 1145 1488 1208 illic
1511 1144 1691 1209 familiarius
1713 1145 1871 1224 haesisset,

700 1256 807 1303 rursus
826 1233 876 1300 ari
896 1231 1015 1297 monitu
1037 1231 1074 1297 ad
1098 1231 1256 1316 superiora
1277 1239 1437 1296 revocatus
1457 1238 1504 1293 cst
1526 1230 1626 1315 ipsum
1648 1252 1665 1294 a
1687 1232 1762 1294 caeti
1784 1253 1872 1297 exor-

669 1321 753 1395 2dio
773 1319 973 1407 sphaerarum
996 1317 1136 1382 ordinem
1163 1317 1194 1380 in
1216 1315 1291 1381 haec
1314 1316 1405 1381 verba
1428 1316 1643 1380 monstrantis:
1684 1318 1795 1381 docem
1821 1321 1874 1382 tili

700 1406 819 1473 ariolus
838 1404 885 1469 cel
899 1404 1003 1490 potiere
1022 1402 1115 1488 plebis
1137 1424 1251 1466 coetera
1267 1413 1337 1466 suut
1358 1403 1474 1475 omnia,
1497 1423 1624 1486 quorum
1644 1423 1725 1465 uuus
1747 1417 1787 1467 est
1808 1426 1871 1467 cce-

699 1492 794 1567 lesiis,
820 1490 961 1563 salimus,
980 1490 1036 1574 qui
1055 1489 1183 1573 reliquos
1204 1509 1303 1551 omues
1325 1488 1531 1572 conplectitur,
1554 1508 1686 1550 cumulus
1709 1489 1772 1573 ipse
1791 1489 1872 1563 deus,

701 1599 806 1642 urceus
831 1585 859 1639 et
881 1575 1033 1639 contineas
1056 1585 1178 1648 eeteros,
1220 1575 1253 1637 ire
1278 1595 1335 1660 quo
1362 1584 1431 1635 suut
1458 1572 1551 1657 infieri
1571 1573 1618 1635 illi
1637 1574 1690 1658 qui
1709 1574 1873 1638 calcearetur

670 1663 850 1735 dstelamem
865 1681 970 1723 cursus
986 1660 1165 1744 sempiterm'.
1202 1659 1284 1723 Huic
1296 1659 1419 1723 subiecti
1434 1668 1503 1720 suat
1520 1668 1627 1743 septem
1643 1659 1697 1744 qui
1712 1672 1875 1724 ouseutur

700 1758 796 1823 retro,
829 1745 981 1810 sarmaria
1002 1754 1083 1808 motu
1105 1756 1137 1808 at
1154 1765 1191 1807 ue
1212 1745 1334 1809 eaelum.
1376 1744 1407 1807 Ε
1425 1743 1530 1829 quitus
1551 1763 1646 1806 uuum
1665 1743 1783 1828 plebum
1802 1767 1873 1830 pos-

700 1832 777 1897 sidet
794 1831 847 1895 illa
866 1850 957 1915 quem
975 1830 1009 1893 iu
1028 1830 1118 1893 terris
1136 1765 1315 1894 icturuiam
1331 1830 1503 1893 nominaret:
1531 1828 1638 1891 duude
1657 1839 1699 1892 est
1717 1830 1873 1894 lominum

700 1918 806 2003 peperi
818 1935 986 2002 prosperus
1007 1925 1033 1978 et
1050 1914 1193 1978 saluteris
1217 1914 1265 1978 ille
1283 1915 1385 1998 salpor
1408 1913 1464 1998 qui
1481 1913 1593 1978 dictur
1611 1912 1711 1978 Iocs's:
1735 1925 1797 1978 tum
1818 1937 1872 1979 ru-

701 2004 771 2068 tilus
791 2000 1001 2097 torredelispue
1026 1999 1116 2063 terris
1142 2020 1227 2084 quem
1245 2000 1391 2066 Martium
1412 1998 1529 2063 dicitis:
1567 1997 1674 2063 derude
1697 2000 1795 2063 culter
1813 2022 1872 2064 me·

701 2089 784 2152 diam
801 2088 865 2169 sere
883 2105 1035 2169 repsereem
1051 2084 1097 2149 sol
1114 2085 1240 2169 optinet,
1262 2085 1329 2148 dua
1348 2094 1376 2147 et
1386 2084 1531 2169 prrueeps
1551 2094 1578 2147 et
1594 2084 1764 2148 moderator
1782 2085 1871 2148 lusui·

700 2195 775 2237 reum
791 2171 990 2256 reliquorum,
1009 2190 1091 2233 muas
1107 2169 1216 2233 nruudi
1235 2182 1261 2234 et
1279 2169 1468 2254 temperatio,
1491 2178 1575 2232 touta
1594 2169 1817 2254 mapudstdirse,
1838 2182 1873 2234 ut

701 2269 807 2322 cuneta
833 2277 890 2319 sua
909 2255 974 2319 luee
995 2254 1098 2319 lustret
1125 2263 1153 2318 et
1179 2255 1330 2341 conpleat:
1368 2254 1449 2318 luae
1475 2263 1510 2318 ut
1534 2255 1652 2318 comites
1676 2267 1873 2320 consecuntur

707 2342 826 2408 Veneres
845 2340 932 2415 alter,
954 2339 1027 2403 alter
1046 2339 1197 2406 Mercurii
1213 2360 1337 2405 caereus:
1357 2339 1391 2402 iu
1413 2338 1571 2425 infimoque
1590 2340 1658 2404 orbe
1679 2341 1754 2405 lurco
1773 2342 1872 2405 radiis

671 2429 772 2495 ‘iselae
800 2447 923 2489 aecereso
951 2426 1140 2489 concertetur.
1183 2426 1271 2510 Iusra
1294 2435 1476 2488 autemeam
1497 2424 1578 2488 m'lul
1601 2426 1728 2492 estetsi
1750 2428 1873 2492 mortale

702 2525 730 2578 et
751 2512 896 2576 caducum
915 2520 1039 2594 praeter
1055 2510 1171 2573 caimos
1191 2531 1314 2574 munere
1333 2509 1457 2595 riporum
1476 2509 1631 2575 homiuum
1650 2513 1756 2596 percari
1773 2513 1873 2577 elatos:

698 2619 736 2661 su
756 2617 794 2658 ra
814 2596 918 2658 lunam
933 2603 1002 2657 suut
1018 2606 1138 2658 aeterua
1157 2597 1266 2659 omnia.
1308 2595 1387 2660 Nam
1408 2617 1443 2658 eo
1461 2616 1536 2680 quae
1558 2606 1599 2658 est
1615 2597 1713 2661 media
1734 2607 1759 2661 et
1776 2619 1867 2673 uana,

698 2694 710 2747 t
747 2703 798 2756 us,
829 2700 923 2763 raeque
947 2689 1093 2753 mouetur,
1125 2691 1151 2742 et
1175 2681 1279 2766 infima
1306 2691 1362 2754 est,
1398 2692 1424 2743 et
1453 2681 1488 2743 iu
1514 2702 1578 2744 eam
1601 2684 1743 2765 seruutrer
1768 2684 1870 2746 omnio

670 2766 777 2830 5nutu
800 2785 854 2826 aceo
871 2764 1018 2848 pondua.
1067 2764 1175 2828 Totius
1201 2763 1308 2829 mundi
1331 2784 1491 2828 asumma
1513 2765 1544 2828 in
1566 2765 1662 2830 imum
1685 2766 1815 2849 diligens
1837 2767 1869 2830 in

701 2850 784 2914 hunc
805 2847 906 2910 iocum
930 2847 1055 2911 collecta
1073 2847 1237 2932 descriptio
1257 2856 1320 2923 est,
1345 2855 1377 2912 et
1397 2848 1551 2932 integrum
1574 2850 1727 2935 quoddam
1747 2852 1871 2917 univcr-

703 2933 801 2998 sitatis
822 2952 933 3016 corpus
957 2930 1122 3015 effingitur,
1147 2932 1373 3019 quodquidam
1397 2955 1434 2997 so
1452 2935 1529 3011 πᾶν,
1553 2934 1581 2998 id
1603 2943 1649 2999 cst
1670 2959 1763 3012 enine,
1787 2937 1871 3001 dixe-

700 3025 789 3083 runt:
830 3020 913 3083 unde
945 3024 976 3081 et
1009 3016 1059 3080 hic
1088 3017 1176 3095 dicit,
1211 3041 1325 3083 conexa
1356 3029 1427 3082 sum
1459 3020 1569 3083 amnia.
1618 3020 1765 3106 Virgilius
1797 3043 1870 3087 vcro

702 3123 845 3188 magnum
872 3122 983 3186 corpus
1008 3103 1141 3168 vocarit:

786 3224 829 3235 -
850 3187 891 3252 Et
909 3208 1017 3271 mapuo
1039 3210 1070 3252 se
1092 3209 1216 3274 corpore
1237 3188 1345 3253 miscet.

672 3275 768 3341 tiHoc
799 3281 903 3341 autom
934 3272 1003 3337 loco
1035 3272 1142 3340 Cicero
1174 3293 1279 3339 rerum
1309 3273 1554 3359 quaerendarum
1582 3272 1668 3339 iactis
1700 3276 1869 3342 seminibus

768 3512 837 3564 Mss.
861 3510 927 3564 GFS
946 3511 983 3572 (P
1001 3511 1142 3578 usquead
1160 3510 1174 3578 ξ
1193 3515 1234 3573 6.)
1249 3510 1426 3572 kleenen]

768 3597 851 3648 xvii.
891 3598 978 3662 Caput
999 3597 1090 3648 XVII.
1128 3597 1235 3648 Cosluss
1257 3596 1425 3663 quamobrem
1443 3611 1544 3663 semper
1565 3601 1589 3646 et
1606 3595 1633 3646 is
1658 3596 1742 3646 orbem
1763 3614 1877 3650 mosea.

699 3674 759 3717 tur:
787 3680 838 3728 pao
854 3679 932 3714 seusu
950 3680 1065 3714 summus
1080 3671 1188 3715 uocetur
1203 3663 1280 3715 desse
1312 3670 1338 3714 st
1356 3664 1449 3731 ecquid
1466 3664 1572 3727 stellae,
1597 3681 1663 3729 qum
1675 3666 1750 3728 fisos
1765 3674 1870 3727 coeant,

698 3749 747 3786 suo
770 3729 851 3782 etiosa
870 3730 1028 3796 proprioque
1047 3738 1119 3781 motu
1141 3737 1269 3799 agantur.
1299 3729 1377 3781 sir-ts.
1534 3735 1556 3780 1.
1591 3732 1707 3796 scipioni
1729 3736 1755 3795 (s
1772 3734 1834 3783 add.
1854 3749 1870 3782 n

699 3814 757 3856 seo.
775 3795 826 3860 m.)
845 3793 876 3850 G.
895 3823 930 3832 -
952 3795 1080 3847 obtuitus
1100 3796 1152 3849 Bt.
1171 3825 1206 3835 -
1226 3799 1418 3864 praeterirem
1436 3799 1513 3863 (sup.
1529 3801 1663 3863 percurr.)
1684 3797 1712 3847 C.
1731 3829 1764 3836 -
1786 3808 1872 3852 terras

699 3867 767 3932 (om.
786 3863 837 3927 ad)
861 3860 933 3913 Bss.
953 3888 987 3898 -
1009 3864 1164 3920 familiaris
1182 3862 1321 3916 CFPRIG
1339 3865 1440 3928 „Ms.“.
1477 3865 1671 3928 familiariter
1688 3865 1716 3916 S.

697 3935 724 3984 2
761 3927 872 4011 Neaera]
889 3927 983 3980 Somn.
1003 3928 1054 3991 W,
1076 3933 1100 3981 l.
1120 3934 1146 3982 2
1167 3959 1202 3968 -
1225 3931 1324 4011 Noupm
1343 3933 1452 4012 igitur
1469 3937 1545 4011 tsup.
1565 3933 1625 3991 etto
1645 3933 1677 3982 G.
1700 3962 1735 3970 -
1755 3934 1871 4000 reliquos

698 3997 1101 4131 i.''¹'ii⁰i‘iia};⁰;¹¹¹'sii..“i
1118 3998 1380 4118 taxauit?
1392 3999 1774 4128 tttt'..‘⁰.'3¹·,:ttt.·⁰an
1795 4073 1869 4127 sata)

697 4132 919 4195 susannam
945 4131 1039 4184 Somn.
1059 4132 1077 4183 Ι.
1094 4150 1118 4185 e.
1139 4134 1204 4185 Mss.
1227 4134 1365 4185 nonnulii.
1388 4163 1423 4173 —
1444 4142 1513 4186 retro
1531 4150 1586 4184 om.
1605 4133 1675 4185 Bas.
1698 4163 1733 4171 -
1754 4143 1871 4186 contra

697 4203 800 4254 caelum
820 4202 865 4254 Ha
889 4200 925 4262 (C
945 4217 1005 4268 sup.
1026 4206 1129 4268 atque).
1150 4202 1255 4253 -illa
1281 4219 1335 4253 om.
1358 4203 1408 4251 Rr.
1432 4201 1581 4253 —deiude
1606 4208 1674 4262 (om.
1690 4207 1742 4262 est)
1762 4203 1813 4251 Rl.
1836 4231 1870 4239 —

696 4286 815 4339 prosper
838 4270 880 4334 hg
903 4268 937 4333 (Ιι
961 4268 989 4320 in
1013 4286 1069 4336 ing.
1091 4271 1154 4322 sdd.
1173 4270 1340 4336 prosperus)
1365 4268 1494 4319 Tmssrrrr.
1515 4298 1550 4306 —-
1570 4270 1666 4319 deiude
1688 4271 1724 4320 de
1745 4278 1871 4336 septem

697 4339 812 4390 medians
828 4335 898 4386 FH2
919 4336 974 4401 (lrg
992 4335 1021 4386 in
1037 4343 1118 4404 mg.).
1152 4338 1252 4404 „Quod
1270 4336 1471 4404 negligendum
1491 4343 1604 4387 nonest
1623 4344 1781 4402 propterea,
1797 4337 1871 4403 qrrod

696 4405 772 4456 intra
794 4419 855 4469 cap.
882 4405 921 4452 19.
945 4405 981 4453 ab
1004 4403 1086 4454 initio
1110 4412 1207 4455 auctor
1235 4404 1340 4455 diserte
1361 4403 1402 4455 ait
1425 4419 1442 4453 a
1465 4402 1601 4455 Cicerone
1624 4405 1695 4456 solis
1720 4405 1870 4469 sphaeram

697 4478 822 4540 quartam
840 4470 873 4519 de
891 4477 1003 4535 septem,
1018 4470 1047 4521 id
1064 4480 1102 4523 est
1120 4473 1147 4523 irs
1165 4472 1252 4522 medio
1269 4471 1413 4523 locatam.“
1430 4470 1515 4521 Zcun.
1553 4472 1592 4521 Ex
1611 4471 1662 4523 itto
1682 4472 1743 4522 ioco
1760 4472 1872 4523 ridetur

698 4536 851 4590 mutavisse
869 4543 994 4587 nostrum
1013 4538 1060 4603 qui
1084 4556 1136 4590 non
1153 4539 1297 4591 intellexit
1313 4540 1412 4606 optinet
1433 4555 1496 4589 esse
1518 4540 1632 4590 verbum
1652 4539 1871 4590 intransitivum.

690 4603 792 4664 ,deiude
810 4620 824 4655 e
841 4611 960 4671 septem
975 4606 1089 4658 mediam
1108 4606 1138 4657 0.
1174 4607 1269 4658 deinde
1286 4616 1404 4671 septem
1421 4607 1536 4657 mediam
1556 4608 1606 4656 Rt.
1625 4636 1659 4644 -
1676 4608 1730 4657 dus
1746 4609 1869 4674 princeps

698 4672 768 4735 (om.
788 4674 827 4736 et)
845 4670 916 4723 Bsa.
934 4699 969 4709 -
990 4675 1164 4739 temperantia
1181 4675 1256 4738 (sup.
1275 4675 1359 4733 ratio)
1378 4674 1429 4722 Ra.
1448 4703 1482 4710 —
1501 4682 1640 4740 tantaque
1659 4674 1730 4725 Bas.
1750 4704 1782 4711 —
1801 4675 1871 4725 leuia

698 4739 750 4787 Ra.
768 4767 803 4776 -υ
826 4747 1023 4806 cousequantur
1041 4740 1072 4790 C.
1108 4748 1252 4808 separaretur
1269 4742 1310 4790 ΕΙ
1331 4741 1415 4801 (Bnn.
1433 4758 1495 4806 sup.
1514 4747 1607 4800 caat.).
1625 4771 1660 4777 —
1684 4744 1711 4792 in
1731 4743 1870 4806 infimoque

699 4804 796 4868 CR123
820 4804 926 4856 Sarum·
947 4806 966 4856 1.
984 4823 1007 4857 c.
1023 4807 1091 4862 Mas.
1108 4815 1135 4859 et
1150 4809 1218 4858 Edd.
1238 4824 1342 4858 omnes.
1396 4809 1538 4874 infimoque
1556 4815 1624 4869 (om.
1644 4809 1685 4869 ia)
1707 4808 1871 4859 EddAE'SPG

698 4872 770 4923 Burs.
810 4873 974 4939 infirmoque
995 4873 1050 4924 112·
1208 4877 1234 4924 4.
1271 4883 1358 4926 autem
1384 4874 1450 4926 iam
1474 4875 1569 4926 Somn.
1594 4877 1611 4927 Ι.
1635 4894 1659 4926 c.
1700 4885 1869 4928 autemeam

698 4940 760 4991 ium
779 4939 850 4990 Bes.
872 4968 907 4978 -
925 4956 1032 4991 micuere
1051 4940 1342 4994 ceommundum.
1361 4957 1397 4990 m.
1416 4940 1445 4991 0,
1469 4972 1504 4980 -
1525 4961 1607 5012 supra
1624 4961 1710 4994 ursam
1731 4948 1772 4993 vl.
1791 4972 1825 4981 —-
1847 4950 1872 4993 et

697 5024 776 5058 nova
796 5024 823 5074 g.
840 5036 875 5046 ··-
892 5015 916 5058 et
933 5014 970 5057 est
985 5008 1077 5066 intima
1094 5005 1126 5055 F.
1142 5011 1317 5072 —ferantur
1333 5009 1681 5074 ametando.1rsueusn;
1698 5011 1793 5062 Somn.
1812 5012 1831 5061 1.
1849 5027 1872 5059 c.

698 5082 726 5125 et
751 5075 826 5126 infra
851 5090 911 5139 cap.
934 5076 981 5137 22,
1005 5074 1061 5138 §t
1112 5076 1275 5136 referuntur
1293 5076 1381 5127 omnia
1401 5075 1500 5127 Pura.
1554 5080 1642 5130 omnia
1658 5084 1824 5141 referuntur¹
1841 5077 1872 5127 G.

798 5148 823 5193 5.
859 5143 975 5209 diligeres
994 5142 1021 5191 iu
1038 5142 1106 5191 hunc
1121 5141 1161 5191 Ab
1179 5141 1225 5193 lais
1243 5142 1337 5194 verbis
1354 5142 1375 5192 P
1390 5144 1532 5196 transsilit
1547 5148 1581 5197 ud
1598 5164 1658 5211 cap.
1673 5150 1717 5208 20,
1736 5147 1749 5207 t
1767 5152 1791 5196 7.
1809 5161 1872 5195 ver-

696 5210 747 5261 bu:
767 5227 846 5277 quam
862 5211 918 5260 iure
935 5225 977 5258 cor
992 5209 1059 5259 caeli
1076 5216 1187 5259 uocetur.
1201 5238 1236 5248 -
1253 5211 1362 5261 collecta
1379 5225 1432 5260 om.
1448 5211 1498 5263 Rs.
1515 5242 1549 5250 -
1568 5214 1705 5278 quiddam
1724 5214 1755 5261 C.
1774 5242 1806 5250 -
1827 5215 1870 5276 ef-

689 5279 797 5343 ficitur
814 5277 865 5332 121,
884 5307 917 5315 -
933 5276 975 5328 iic
995 5278 1070 5331 dixit
1087 5275 1159 5328 Brea.
1177 5306 1211 5315 -
1233 5278 1365 5348 Virgilius
1383 5276 1451 5343 (orn.
1469 5282 1545 5347 vero)
1563 5280 1594 5335 F.
1616 5283 1652 5334 Et
1670 5279 1779 5350 magua]
1804 5282 1870 5331 den.
