5092 6425
706 890 771 961 284
1091 883 1263 954 llicliltll
1285 881 1497 952 luciolus

701 1066 806 1132 jutae
816 1064 943 1128 fluum.
980 1059 1053 1119 (lt.)
1075 1059 1207 1109 Secunda
1222 1070 1292 1108 vero
1314 1057 1340 1108 ll
1355 1054 1570 1121 mutuando,
1590 1053 1665 1106 niae
1685 1068 1748 1118 qna
1766 1068 1892 1120 antem

708 1156 764 1217 ert,
783 1148 832 1199 red
851 1157 962 1206 eenper
978 1157 1037 1194 eam
1054 1146 1120 1192 ente
1140 1141 1163 1193 0
1179 1155 1298 1193 neceree
1318 1147 1362 1192 eat
1378 1142 1479 1191 meoet
1496 1139 1702 1205 terminalem,
1720 1147 1755 1192 ιιι
1774 1140 1850 1192 redeo
1864 1157 1893 1192 e·

708 1233 762 1285 deo.
797 1231 868 1292 (11.)
887 1229 984 1279 'l'ertia
1004 1235 1136 1290 correpta
1156 1226 1171 1277 l
1186 1233 1215 1277 et
1236 1226 1275 1287 v,
1293 1231 1324 1277 ut
1343 1225 1420 1292 rapio
1436 1224 1523 1292 rapio,
1541 1241 1617 1277 eoae
1635 1225 1739 1288 auia,
1757 1241 1847 1294 argee
1860 1242 1894 1276 rs-

707 1318 779 1388 pie.
815 1314 913 1365 'l'ertle
933 1327 1001 1364 vero
1021 1313 1158 1375 producta
1179 1311 1191 1361 l
1209 1311 1408 1374 tantu-nodo,
1426 1323 1499 1373 qnae
1515 1315 1547 1360 et
1567 1309 1651 1374 ina,
1671 1309 1759 1360 aient
1776 1311 1895 1375 recudi,

706 1406 885 1452 memoratam
911 1399 1036 1450 vocale·
1063 1395 1086 1445 0
1109 1394 1291 1446 novini-ein
1315 1407 1436 1445 neeeue
1459 1398 1506 1445 eat
1529 1395 1645 1446 babeat
1678 1395 1894 1446 antecdentea

673 1486 767 1541 tilae
783 1484 854 1535 enlm
878 1495 986 1546 semper
1008 1481 1036 1532 in
1057 1479 1233 1543 paenultimie
1252 1482 1344 1531 altera
1363 1479 1378 1530 l
1394 1480 1486 1530 altera
1505 1478 1531 1529 ll
1551 1479 1722 1530 vocalibna
1743 1480 1895 1544 prae-iau

709 1569 798 1622 untia
817 1567 943 1620 omnibu·
961 1563 1105 1630 liniuntur,
1123 1577 1177 1616 nec
1195 1566 1279 1615 aliern
1298 1563 1410 1614 canino
1426 1576 1462 1613 ex
1480 1563 1730 1614 eonronaatilvna
1749 1564 1893 1630 admittunt,

709 1655 781 1720 qnod
799 1653 885 1716 pri-a
906 1657 935 1701 et
952 1651 1035 1701 tertia
1053 1656 1185 1712 correpta
1204 1650 1332 1700 iecerunt
1349 1649 1464 1712 pmla,
1481 1659 1573 1711 prope
1591 1647 1758 1699 univer-air
1776 1649 1892 1714 receptio,

709 1744 741 1791 nt
758 1737 819 1789 tuive
834 1735 925 1797 ίοῦοι,
942 1751 999 1786 occo
1014 1750 1100 1797 eeeoe,
1119 1733 1152 1784 do
1168 1733 1232 1796 der,
1250 1748 1317 1802 rogo
1334 1747 1431 1801 regne,
1448 1731 1507 1783 eolo
1524 1731 1621 1794 rotae,
1643 1749 1717 1784 ιιο
1736 1750 1830 1798 anae,
1845 1749 1893 1784 eree

707 1837 805 1883 κιαι,
823 1835 872 1871 ore
888 1833 964 1878 eree,
984 1833 1079 1883 penore
1098 1833 1223 1885 ᾳοοιοοι,
1241 1817 1290 1869 lito
1307 1816 1384 1879 litor,
1402 1832 1477 1883 crepo
1493 1813 1606 1882 σορός
1628 1816 1709 1868 itera
1732 1817 1824 1869 iente
1839 1816 1894 1868 ln·

708 1905 757 1968 eo,
774 1903 832 1956 dico
849 1901 925 1965 dicio,
944 1901 1015 1953 avido
1033 1901 1122 1963 eddie,
1138 1901 1224 1970 pingo
1237 1900 1342 1969 pingiu,
1361 1900 1417 1953 eoin
1434 1900 1508 1959 cotie,
1521 1916 1598 1952 cono
1616 1900 1723 1964 courir,
1741 1919 1812 1953 eoae
1828 1902 1894 1961 erait,

708 2006 784 2057 rerpo
801 1987 894 2054 rerpie,
913 1992 969 2037 tero
987 1985 1058 2050 teria,
1077 1985 1175 2036 incerte
1193 1985 1310 2046 inerrate,
1326 1985 1417 2051 quatio
1436 1984 1534 2052 φιοιίο.
1578 1986 1792 2048 [incipiuntur
1807 1987 1836 2038 in
1851 1992 1895 2036 ter-

709 2073 750 2125 tia
771 2073 924 2137 producta,
957 2083 1027 2134 quae
1046 2084 1101 2121 oon
1121 2070 1203 2121 laed
1222 2070 1247 2120 ld
1265 2072 1391 2121 vocalem
1410 2071 1529 2119 habeant
1551 2071 1808 2138 wteeedcatem,
1839 2072 1895 2122 trin:

710 2173 740 2211 ee
756 2157 779 2209 io
795 2157 825 2221 it,
844 2173 909 2223 queo
925 2155 982 2222 quio
1000 2155 1065 2222 quit,
1082 2171 1162 2206 veneo
1181 2153 1254 2206 eeaio
1270 2154 1352 2218 eeait,
1376 2158 1405 2207 et
1423 2166 1494 2218 quae
1513 2165 1549 2205 ex
1564 2153 1612 2204 luia
1633 2160 1860 2222 conponantur,
1874 2163 1895 2205 n

710 2257 773 2296 esee
791 2256 889 2309 prueee
912 2256 1022 2306 nequeo.

676 2328 694 2379 t
913 2323 973 2376 'lie
997 2329 1122 2389 tempore
1143 2324 1287 2388 praeventi
1309 2324 1383 2375 modi
1399 2323 1544 2374 indicativi
1566 2322 1696 2375 activi·

779 2410 850 2471 (li.)
871 2407 958 2460 Omne
977 2409 1072 2474 itaque
1091 2412 1202 2461 verbum
1222 2409 1295 2460 modi
1312 2409 1458 2460 indicativi
1477 2407 1615 2471 temporie
1633 2410 1816 2471 praecanti·
1833 2410 1894 2474 evol

715 2493 843 2546 Oiittere
862 2495 1036 2560 terminatur,
1055 2508 1107 2545 nec
1125 2495 1303 2560 deiectivum,
1320 2500 1352 2545 nt
1366 2495 1430 2556 sero
1447 2495 1503 2555 fero
1524 2504 1657 2555 quaeque
1678 2506 1722 2545 ex
1741 2508 1781 2545 οο
1801 2508 1896 2556 coepe·

660 2575 847 2646 [idit]nuntur,
864 2580 988 2630 reconda
1004 2592 1128 2643 perrona
1145 2579 1173 2629 in
1192 2579 1348 2630 Slitterem
1365 2578 1433 2644 exit,
1449 2589 1503 2628 rna
1519 2575 1662 2641 ovinaque
1682 2579 1893 2642 coniugatione

711 2663 897 2728 praecedente
922 2664 1030 2714 vocali:
1064 2679 1140 2714 ovam
1165 2680 1254 2716 moneo
1274 2663 1345 2732 tegio
1366 2663 1459 2724 endu,
1492 2661 1647 2723 eademque
1669 2662 1696 2711 S
1713 2659 1894 2715 litteraini

676 2751 694 2800 t
711 2760 853 2799 conversa
869 2744 900 2797 dt
919 2746 1003 2797 tertie
1018 2760 1154 2810 persona,
1179 2752 1210 2798 ut
1227 2756 1301 2798 οοιοι
1319 2754 1406 2799 monet
1423 2745 1492 2815 tegit
1508 2743 1594 2796 cudit.
1631 2744 1773 2811 itemque
1792 2761 1829 2799 ex
1845 2752 1891 2796 ter-

711 2833 751 2885 tia
769 2830 907 2896 singulari
926 2830 1039 2893 primam
1059 2843 1206 2892 personum
1226 2831 1333 2882 numeri
1350 2831 1467 2893 pluralia
1485 2825 1614 2882 efficiunt
1633 2830 1758 2894 dempta
1773 2832 1891 2883 'l'iittcrn
1945 2866 1948 2875 .

710 2921 740 2969 et
756 2917 851 2968 addita
872 2914 954 2966 eivs
968 2915 1094 2978 vyilabe:
1130 2922 1204 2966 omni
1222 2931 1357 2977 amamur,
1383 2922 1470 2967 οιοιοι
1492 2929 1644 2978 amer,
1676 2914 1756 2984 legit
1776 2916 1891 2985 legiaco,

710 3000 788 3053 eadit
806 2999 939 3050 audimur.
974 3001 1104 3050 Secunda
1120 3012 1231 3063 quoque
1249 3013 1374 3062 perrona
1390 3000 1513 3051 eluviem
1531 2999 1639 3050 numeri
1657 3010 1698 3048 ex
1718 2982 1824 3051 eade'n
1842 3005 1891 3050 ter-

711 3085 751 3137 tia
770 3085 905 3136 formetur
924 3083 962 3135 ls
979 3083 1074 3139 addita
1092 3085 1219 3149 opilata,
1246 3091 1278 3136 ut
1296 3084 1600 3148 analemmatorum
1618 3084 1754 3146 οιοοοιίο,
1771 3085 1842 3154 legii
1858 3085 1891 3135 io-

711 3169 789 3241 pilio,
807 3168 884 3222 audit
903 3169 1013 3221 auditio.
1047 3171 1105 3221 lieo
1126 3182 1181 3220 noo
1201 3169 1284 3221 otiam
1301 3168 1386 3220 tertia
1403 3180 1525 3232 perrona
1542 3165 1662 3231 pluralia
1680 3180 1702 3218 a
1724 3169 1817 3221 tertia
1832 3183 1892 3235 pro-

712 3255 856 3307 creabitur
878 3253 906 3304 in
929 3253 1084 3320 singulari,
1116 3254 1144 3303 in
1165 3254 1252 3317 prima
1274 3254 1381 3318 quiden
1402 3259 1431 3306 et
1448 3254 1572 3307 secunda
1589 3252 1852 3315 coniugationitm
1870 3253 1893 3306 N

711 3341 810 3391 littera
826 3343 892 3389 ente
914 3336 939 3388 ‘l
952 3338 1133 3388 noviulmem
1151 3338 1328 3403 interponite,
1346 3343 1377 3389 ut
1394 3346 1469 3390 umet
1490 3342 1596 3400 omont,
1613 3342 1704 3388 neret
1723 3347 1854 3401 aveant,-
1867 3339 1891 3389 in

711 3424 795 3477 tertia
820 3436 889 3473 vero
911 3422 1061 3488 producta,
1099 3427 1128 3474 et
1150 3423 1193 3473 liis
1216 3423 1310 3473 verbio
1333 3436 1405 3486 quae
1429 3422 1529 3473 tertiae
1554 3424 1708 3481 correptae
1727 3421 1760 3472 in
1787 3424 1830 3475 10
1847 3438 1893 3476 cx-

713 3512 797 3575 eunt,
815 3513 880 3558 ante
903 3506 927 3557 'i'
942 3506 1063 3557 litteren
1088 3508 1110 3557 ii
1127 3514 1156 3558 et
1175 3508 1202 3559 N
1217 3507 1408 3571 interpositio,
1427 3511 1458 3558 ut
1475 3505 1571 3557 dormit
1587 3503 1736 3571 dormient,
1755 3510 1834 3576 rapit
1850 3526 1892 3559 re-

710 3593 801 3661 pient,
822 3593 849 3642 ln
869 3591 953 3642 tertia
973 3605 1041 3643 vero
1059 3597 1206 3656 correpta,
1228 3591 1360 3656 quotienr
1377 3596 1444 3642 anto
1465 3591 1488 3641 0
1506 3588 1652 3640 habuerint
1670 3599 1892 3656 eeneonaaten,

713 3676 840 3727 lrocali
856 3674 980 3724 eiusdem
1000 3674 1102 3725 tertiae
1121 3676 1275 3741 singularis
1293 3677 1321 3726 in
1346 3676 1412 3727 Uet
1431 3676 1459 3727 N
1478 3686 1619 3725 conversa
1642 3672 1806 3740 iisdemque
1829 3685 1890 3729 ante

677 3766 695 3813 i
716 3760 741 3812 Τ
754 3759 874 3809 litteram
891 3757 1058 3822 collocatio,
1076 3763 1107 3808 ut
1125 3760 1207 3811 currit
1222 3747 1347 3824 currunt,
1364 3759 1432 3828 tegit
1450 3758 1553 3829 tegunt.
1570 3782 1603 3795 -
1614 3758 1690 3823 ,Amo
1707 3774 1792 3813 omne
1808 3770 1891 3825 nant

711 3838 949 3895 omanoroantie
967 3846 1074 3901 οοιοιιις
1108 3855 1200 3894 moneo
1279 3849 1399 3906 moreau
1434 3844 1516 3897 nudie
1535 3842 1737 3940 ...nudiuateo
1768 3846 1834 3916 tege

713 3926 819 3996 tegunt.

677 4013 696 4062 8
896 4009 938 4061 De
956 4007 1110 4073 praeterito
1128 4007 1284 4073 inperfecto
1300 4011 1377 4063 nodi
1395 4012 1539 4071 indicativi
1557 4010 1652 4064 activi.

783 4095 854 4156 (lt.)
880 4094 966 4146 Omne
990 4094 1170 4159 praeteritum
1201 4095 1383 4159 iuperleetum
1411 4098 1534 4148 eiusdem
1560 4096 1633 4148 nodi
1657 4109 1710 4161 per
1736 4098 1896 4152 universae

715 4179 933 4245 coniugationea
953 4180 1037 4232 BAM
1052 4182 1165 4245 syllaba
1184 4182 1357 4247 terminetur,
1376 4180 1607 4251 antecedentihna
1623 4181 1653 4232 in
1670 4182 1763 4245 prima
1782 4186 1897 4249 quiden
1971 4167 1973 4180 Ι

714 4267 739 4316 A
766 4265 794 4315 ln
818 4266 943 4316 secunda
966 4278 1034 4315 vero
1060 4269 1090 4316 et
1112 4266 1196 4317 tertia
1224 4272 1356 4330 correpta
1378 4267 1402 4317 lo·
1423 4265 1569 4317 vocalibus
1594 4269 1660 4328 poet
1682 4276 1897 4322 consonantem

715 4350 844 4400 tilemativ
861 4349 921 4415 eui,
946 4354 976 4399 ut
994 4364 1053 4397 omo
1072 4350 1210 4414 omniura,
1228 4367 1320 4403 moneo
1337 4352 1486 4414 menedon,
1509 4349 1567 4400 dico
1586 4349 1720 4413 dicebam
1756 4352 1789 4403 in
1808 4356 1899 4407 tertia

716 4444 784 4482 vero
802 4434 939 4493 producta
955 4431 1018 4490 (eod
1038 4434 1068 4480 et
1083 4438 1231 4499 correpto,
1263 4436 1396 4498 quotieas
1414 4434 1541 4485 vocalem
1559 4439 1626 4485 ante
1648 4433 1808 4505 Ohabeat,
1836 4453 1897 4491 non

714 4518 930 4574 consonantem)
951 4515 1046 4564 eadem
1065 4516 1190 4584 quiden,
1217 4519 1245 4569 id
1263 4522 1309 4570 eet
1328 4520 1369 4586 ll,
1400 4518 1600 4582 praeveniente
1617 4520 1725 4585 vocali,
1753 4525 1808 4574 red
1827 4530 1897 4588 poet

715 4597 911 4661 paenultimam
931 4598 1059 4650 themati·
1078 4601 1124 4651 rui
1143 4604 1287 4670 vocalem,
1322 4606 1355 4655 ut
1372 4602 1454 4653 nodie
1469 4601 1623 4667 audietne,
1649 4604 1728 4672 rapto
1742 4608 1895 4675 repieta,

715 4696 804 4748 arguo
826 4681 990 4747 arguebam
1020 4682 1076 4734 nisi
1102 4688 1175 4749 quod
1198 4685 1226 4738 ln
1251 4687 1336 4738 tertia
1357 4688 1495 4751 producta
1517 4699 1720 4752 nonnumquam
1743 4694 1896 4746 auarioria

682 4763 811 4832 agretia
831 4763 894 4814 roni
912 4766 1049 4818 rvibduota
1069 4768 1095 4819 li
1113 4770 1206 4821 vocali
1226 4771 1381 4837 protertur,
1414 4774 1445 4822 ut
1463 4774 1508 4821 eet
1524 4771 1657 4822 nutritam
1673 4772 1755 4826 itera.
1808 4780 1898 4832 liius-

717 4849 834 4912 demuue
852 4847 987 4910 temporie
1005 4854 1129 4903 secunde
1145 4866 1269 4915 perrona
1288 4855 1319 4906 M
1333 4855 1362 4906 in
1383 4853 1416 4919 S,
1443 4854 1528 4906 tertia
1547 4855 1611 4907 Sin
1631 4856 1657 4907 Τ
1669 4870 1818 4914 convena
1834 4866 1898 4917 ior·

716 5020 742 5071 4.
773 5018 870 5100 lacero
887 5017 1010 5069 taceare.
1054 5024 1121 5099 ,nto
1140 5018 1169 5070 V.
1322 5024 1347 5073 5.
1382 5022 1575 5103 *Detenpore
1592 5002 1657 5093 eim]
1675 5025 1897 5103 Titninmrup.

716 5085 793 5152 plevi
820 5085 956 5138 euadente
978 5083 1019 5135 En
1042 5086 1159 5137 lichoro.
1180 5112 1214 5125 —
1238 5103 1269 5139 ex
1289 5104 1303 5139 ο
1328 5088 1358 5139 v.
1379 5116 1415 5128 -
1437 5108 1466 5142 va
1489 5095 1530 5144 .S.
1552 5092 1646 5147 littero
1673 5094 1706 5147 V.

717 5157 743 5205 6.
777 5153 1092 5230 iisdemqueeexconi.
1110 5152 1193 5206 Enii.
1228 5156 1414 5225 eiuedenrque
1432 5157 1462 5210 v,

627 5249 677 5367 ι
750 5325 777 5375 8.
808 5320 1004 5391 ριοοοοοὲοοιο]
1018 5322 1038 5377 ἰ.
1051 5339 1076 5379 ο.
1092 5324 1277 5380 antecedente
1295 5323 1422 5393 syllabae
1440 5326 1532 5381 im·
