5092 6425
997 2127 1553 2230 Pnauuaulo.

1217 2317 1348 2326 -.—-..-.-

661 2468 746 2550 Per
765 2482 827 2549 duo
850 2485 980 2572 amplius
1003 2489 1106 2555 secula
1124 2487 1250 2556 adversa
1270 2490 1392 2559 fortuna
1412 2515 1487 2561 usus
1507 2505 1555 2562 est
1570 2496 1753 2563 Macrobius.
1790 2497 1880 2562 Multi

662 2605 699 2650 ex
724 2585 790 2650 cius
815 2585 900 2653 lonte
925 2588 1106 2670 hauserunt,
1141 2590 1195 2658 sed
1217 2593 1334 2659 exstitit
1359 2616 1450 2662 nemo
1476 2597 1529 2685 qui
1556 2599 1629 2664 limo
1656 2597 1738 2665 hunc
1763 2598 1878 2665 sontem

661 2696 818 2772 purgaret,
855 2701 1038 2778 curaretque
1064 2715 1127 2781 quo
1154 2693 1317 2781 liquidiore
1342 2697 1451 2764 llueret
1475 2720 1565 2786 aqua.
1609 2701 1786 2786 Attigerunt
1811 2702 1878 2788 qui-

660 2785 731 2853 dem
753 2811 818 2855 rem
841 2795 1027 2879 complures,
1061 2794 1115 2861 scd
1140 2794 1313 2862 valetudine
1334 2798 1411 2863 alius
1433 2798 1597 2886 impeditus
1619 2809 1678 2879 est,
1713 2804 1879 2889 quominus

659 2911 742 2968 eam,
766 2900 803 2956 ut
823 2895 926 2972 vellet,
954 2896 1126 2981 perliceret,
1149 2896 1226 2963 alius
1250 2896 1430 2965 adtentum
1454 2923 1516 2967 non
1537 2901 1701 2988 perlectam
1725 2905 1878 2970 levissimo

662 2993 754 3058 modo
779 2995 909 3060 accessit
933 3018 1016 3075 sero,
1051 2998 1101 3063 alii
1128 2999 1201 3064 satis
1224 2998 1399 3066 habuerunt
1432 3003 1531 3068 moliri
1563 3013 1595 3069 et
1627 3026 1733 3091 parare
1766 3007 1877 3072 instru-

661 3105 776 3174 menta,
812 3120 852 3163 ne
874 3098 1084 3184 aggredientes
1110 3101 1233 3187 quidem
1258 3102 1298 3167 ad
1321 3125 1400 3190 opus
1423 3103 1536 3171 laboris
1558 3105 1714 3193 taediique
1737 3110 1878 3187 multum,

659 3200 831 3265 mercedem
853 3201 1103 3290 voluptatemque
1126 3202 1188 3269 lere
1211 3203 1325 3270 nullam
1347 3205 1523 3283 allaturum,
1546 3208 1676 3292 negotiis
1697 3210 1760 3275 sive
1783 3211 1877 3276 maio-

659 3302 743 3367 ribus
768 3302 832 3367 sive
858 3304 1041 3388 gratioribus
1067 3305 1191 3370 distenti
1217 3307 1253 3391 ¹).
1301 3310 1346 3371 At
1375 3327 1454 3371 nova
1485 3328 1557 3371 cura
1587 3328 1665 3391 opus
1693 3328 1760 3373 esse
1786 3331 1877 3377 nemo

658 3404 788 3489 negavit.
855 3405 940 3484 Quid
974 3426 1047 3491 ergo
1086 3406 1211 3483 mirum,
1251 3405 1336 3492 quod
1372 3426 1453 3471 anno
1487 3406 1700 3474 MDCCCXL.
1743 3410 1877 3478 Senecae

659 3508 767 3573 edendi
788 3506 915 3571 consilio
938 3506 1074 3572 deiectus
1094 3507 1302 3593 obtemperavi
1320 3509 1412 3572 lauro
1432 3507 1587 3587 Smararo,
1609 3523 1743 3596 quocum
1771 3532 1788 3576 e
1811 3521 1876 3578 stu-

659 3611 780 3676 diorum
805 3608 1016 3673 Plinianorum
1042 3609 1257 3675 coniunctione
1282 3631 1389 3675 omnes
1412 3609 1486 3676 mihi
1507 3621 1579 3678 sunt
1598 3612 1749 3678 amicitiae
1770 3636 1875 3681 neces·

657 3713 820 3788 situdines,
846 3711 1000 3790 suadenti,
1023 3721 1059 3777 ut
1081 3734 1130 3776 me
1152 3719 1360 3777 converterem
1383 3712 1421 3777 ad
1444 3711 1526 3779 hunc
1547 3714 1726 3800 scriptorem
1749 3715 1803 3780 diu
1821 3739 1874 3783 ne-

657 3816 810 3901 glectum?
847 3813 970 3879 Scilicet
992 3813 1113 3879 codices
1133 3812 1200 3878 cius
1218 3812 1337 3898 aliquot
1359 3814 1600 3900 manuscriptos
1621 3817 1660 3883 ab
1685 3817 1709 3880 l.
1729 3816 1766 3881 G.
1785 3818 1873 3883 Kar·

657 3940 795 3981 ornasse
820 3915 894 3979 mihi
919 3914 1164 3979 subministratos
1191 3922 1262 3980 ante
1293 3915 1488 3993 decennium,
1518 3916 1569 3981 illo
1588 3917 1713 4002 quidem
1736 3925 1874 4005 tempore

657 4020 694 4084 ad
715 4017 874 4084 Ciceronis
899 4016 1001 4103 potius
1023 4015 1183 4081 Somnium
1208 4016 1359 4101 Scipionis
1385 4038 1477 4103 quam
1502 4017 1540 4081 ad
1561 4018 1710 4082 Macrobii
1734 4029 1873 4105 spectans

657 4118 912 4195 Commentarios,
933 4117 964 4181 in
984 4117 1124 4182 manibus
1144 4118 1310 4183 habueram
1330 4118 1361 4182 in
1381 4115 1566 4182 bibliotheca
1585 4117 1668 4202 regia
1682 4119 1873 4186 Monacensi:

656 4223 734 4288 duos
757 4221 832 4286 alios
854 4220 926 4284 satis
948 4226 1100 4297 vetustos,
1134 4220 1264 4284 alterum
1287 4220 1354 4283 illos
1380 4217 1624 4285 Commentarios
1658 4217 1786 4284 alterum
1810 4230 1872 4287 tres

656 4324 901 4391 Satumaliorum
928 4322 1022 4388 libros
1047 4321 1269 4398 continentem,
1299 4320 1432 4385 videram
1459 4320 1490 4387 in
1517 4319 1700 4387 bibliotheca
1726 4322 1871 4389 Bamber-

655 4426 751 4512 gensi.
795 4425 896 4490 lluius
920 4423 1120 4510 praelectum,
1148 4423 1187 4487 fl.
1209 4423 1233 4486 l.
1255 4423 1428 4498 lascnrnrr,
1462 4422 1550 4488 cuius
1575 4430 1704 4487 mortem
1730 4446 1792 4489 non
1815 4426 1871 4491 du·

654 4527 719 4593 hito
748 4526 823 4612 quin
851 4547 972 4591 meeum
997 4526 1099 4590 doleat
1120 4523 1260 4609 quisquis
1285 4524 1332 4588 his
1359 4523 1446 4588 annis
1477 4521 1677 4608 quadraginta
1704 4544 1779 4589 usus
1809 4526 1872 4594 lere

655 4628 777 4693 intactis
798 4638 887 4692 antea
908 4628 965 4691 illis
987 4625 1138 4691 thesauris
1160 4625 1267 4702 sensit,
1298 4634 1412 4711 quanta
1433 4624 1524 4689 buerit
1545 4625 1611 4698 eius
1632 4626 1760 4690 comitas
1779 4635 1872 4713 atque

655 4729 834 4806 liberalitas,
864 4729 997 4815 primum
1021 4727 1081 4793 adii
1105 4726 1260 4812 precibus,
1289 4735 1325 4791 ut
1348 4726 1468 4791 illorum
1495 4724 1635 4792 codicum
1662 4724 1736 4790 mihi
1760 4725 1873 4795 laceret

655 4832 789 4916 copiam,
825 4852 882 4895 nec
913 4828 1025 4894 burstra
1054 4829 1084 4895 id
1115 4827 1185 4893 leci:
1220 4827 1331 4893 deinde
1355 4828 1496 4893 codicum
1522 4827 1752 4894 Monacensiunr
1780 4850 1871 4896 usum

654 5024 757 5031 μ

726 5103 753 5160 ¹)
773 5100 817 5152 Gi.
834 5102 1046 5179 prolegomena,
1066 5115 1092 5167 p.
1111 5115 1158 5152 nv.
1177 5115 1238 5166 sqq.
