5092 6425
805 899 943 968 COMM.
964 899 1008 966 IN
1029 897 1156 966 SOMN.
1178 895 1277 964 scut
1319 897 1455 964 1.1Β.Π.
1499 897 1589 966 CAP.
1608 900 1677 967 XV.
1761 898 1825 970 203
1934 927 1938 938 ·

656 1073 733 1148 ulia,
754 1083 808 1138 aut
827 1073 863 1137 ud
883 1072 943 1136 ulio
964 1080 1096 1135 movetur
1117 1069 1222 1134 etalio
1241 1078 1344 1134 movet.
1385 1067 1428 1134 Et
1446 1068 1532 1155 prior
1552 1068 1589 1135 ad
1610 1069 1760 1148 enlmem,
1785 1069 1825 1135 ad

656 1158 759 1222 omnia
785 1178 858 1223 vero
886 1176 1013 1241 corpora
1040 1153 1193 1220 secundus
1217 1152 1358 1219 refertur.
1400 1154 1441 1220 lli
1468 1175 1543 1240 ergo
1571 1155 1634 1221 duo
1663 1163 1766 1221 motus
1794 1163 1826 1220 et

656 1243 829 1308 differentia
851 1249 1033 1328 separantur
1057 1247 1089 1306 et
1109 1242 1254 1306 societate
1277 1240 1463 1323 iunguntur:
1503 1261 1668 1306 commune
1691 1240 1751 1306 boc
1771 1239 1825 1305 ba-

656 1329 745 1406 bent,
782 1328 865 1413 quod
885 1337 915 1392 et
935 1326 1020 1414 prior
1041 1334 1073 1392 et
1093 1326 1247 1391 secundus
1269 1333 1396 1390 movent
1419 1327 1493 1400 alia:
1533 1326 1593 1392 boc
1613 1336 1716 1392 autem
1738 1326 1827 1391 diffe-

656 1420 745 1491 runt,
783 1412 866 1498 quod
891 1414 942 1478 ille
972 1433 990 1477 a
1017 1433 1050 1478 se
1078 1411 1128 1476 bio
1155 1412 1194 1479 ab
1221 1410 1282 1475 alio
1311 1418 1462 1476 movetur.
1518 1414 1567 1478 Ex
1590 1411 1641 1493 bis
1671 1412 1876 1490 omnibus,2tt

657 1520 736 1585 quae
756 1506 844 1564 eruta
865 1498 903 1563 de
921 1498 1152 1564 Platonicorum
1171 1517 1317 1562 sensuum
1337 1495 1523 1562 fecunditate
1541 1498 1730 1583 collegimus,
1754 1519 1827 1563 oon·

656 1585 735 1649 stitit
755 1605 816 1648 non
836 1605 903 1649 esse
926 1606 1033 1650 vemm
1053 1584 1157 1649 omnia
1177 1602 1255 1668 quae
1274 1589 1439 1648 moventur
1458 1583 1497 1647 ab
1513 1584 1574 1649 alio
1596 1585 1729 1650 moveri:
1751 1604 1826 1668 ergo

656 1691 713 1735 nec
735 1670 920 1756 principium
942 1678 1045 1736 motus
1067 1669 1106 1734 ad
1127 1667 1347 1754 deprecandam
1372 1668 1498 1733 alterius
1520 1670 1672 1737 moventis
1694 1670 1826 1735 necessi·

655 1763 751 1820 tatem
774 1764 856 1821 stare
878 1755 1014 1833 dicetur,
1046 1754 1118 1841 quia
1139 1761 1241 1840 potest
1261 1773 1294 1819 se
1315 1753 1432 1839 ipsum,
1458 1761 1495 1819 ut
1518 1753 1667 1832 diximus,
1701 1775 1826 1820 movere

656 1842 717 1905 alio
739 1861 803 1904 non
824 1850 976 1905 movente.
1018 1841 1191 1906 Enervatus
1214 1847 1268 1905 est·
1280 1839 1374 1924 igitur
1394 1838 1603 1924 syllogismus,
1625 1860 1718 1924 quem
1740 1844 1876 1925 prae-27

657 1927 751 1990 missa
772 1926 856 1990 varia
878 1934 909 1991 et
929 1925 1090 2011 multiplici
1114 1925 1263 1992 divisione
1281 1924 1454 2010 collegerat,
1477 1925 1506 1991 id
1528 1934 1590 1991 est:
1610 1927 1722 1993 Anima
1737 1928 1828 2012 prin·

656 2013 770 2098 cipiunt
790 2023 886 2077 motus
908 2023 967 2077 est:
1001 2013 1193 2099 prtitctptiim
1214 2023 1312 2077 uuoem
1331 2022 1428 2076 motus
1453 2011 1517 2076 non
1542 2025 1693 2077 νινναννε
1733 2013 1829 2096 ipdur

657 2098 844 2164 opinionon
864 2108 1005 2163 monetur.
1048 2099 1171 2174 Restat,
1192 2103 1243 2172 ut,
1270 2096 1342 2181 quia
1362 2095 1501 2161 constitit
1520 2105 1611 2182 po'sso
1633 2096 1750 2180 aliquid
1771 2117 1828 2182 per

660 2184 831 2248 semoveri
854 2183 999 2248 alionon
1022 2190 1181 2260 movente,
1213 2182 1349 2248 animam
1370 2180 1429 2247 boc
1449 2201 1517 2247 esse
1540 2180 1703 2247 doceatur:
1742 2181 1826 2268 quod

657 2267 744 2333 facile
766 2268 935 2347 docebitur,
957 2269 982 2332 si
1003 2267 1041 2332 de
1058 2267 1228 2333 manifestis
1248 2275 1280 2332 et
1299 2266 1554 2334 indubitabilibus
1573 2275 1754 2353 argumenta
1775 2288 1827 2333 sn-

658 2375 787 2420 mamus.
829 2354 956 2420 Homini
986 2361 1105 2418 motum
1132 2360 1186 2419 aut
1212 2353 1315 2419 anima
1341 2360 1477 2438 praestat
1497 2360 1552 2419 aut
1573 2373 1685 2438 eorpus
1709 2361 1767 2419 nut
1788 2353 1826 2418 de
1834 2354 1878 2422 28

657 2448 792 2524 utroque
816 2440 990 2524 permixtio.
1033 2441 1075 2504 Et
1101 2439 1172 2524 quin
1199 2439 1354 2509 triasunt
1379 2438 1554 2524 dequibus
1582 2438 1742 2525 inquisitio
1769 2439 1827 2505 ista

657 2526 810 2674 procedit,
848 2547 918 2591 oum
945 2546 1047 2623 neque
1072 2546 1090 2590 a
1118 2545 1246 2610 corpore
1275 2545 1377 2610 neque
1405 2545 1424 2590 a
1450 2524 1655 2610 permixtione
1679 2525 1827 2610 praestari

680 2633 718 2676 oc
738 2632 828 2697 posse
849 2611 1037 2689 constiterit,
1058 2618 1168 2689 restat,
1188 2617 1223 2678 ut
1242 2610 1281 2676 ab
1301 2610 1404 2676 anima
1424 2610 1541 2676 moveri
1563 2609 1722 2676 hominem
1743 2610 1828 2676 nulla

657 2697 809 2762 dubitatio
837 2697 885 2762 sit.
928 2699 1018 2764 Nune
1046 2696 1084 2761 de
1112 2696 1242 2781 singulis
1269 2717 1306 2761 ac
1333 2697 1468 2782 primum
1497 2696 1536 2763 de
1565 2717 1693 2784 corpore
1720 2695 1879 2782 loque-29

658 2803 737 2849 mur.
792 2784 920 2849 Nullum
949 2782 1121 2849 inanimum
1148 2803 1260 2869 corpus
1286 2803 1344 2847 suo
1371 2790 1460 2847 motu
1487 2782 1606 2849 moveri
1635 2781 1828 2848 manifestius

659 2876 706 2932 est
728 2889 820 2953 quam
842 2877 879 2934 nt
900 2867 1104 2935 adserendum
1126 2869 1178 2934 sit:
1217 2867 1294 2933 nibil
1315 2875 1363 2934 est
1382 2876 1487 2934 autem
1507 2867 1607 2955 qnod,
1634 2868 1708 2936 dum
1729 2869 1828 2933 inmo·

659 2953 721 3016 bile
744 2954 798 3028 sit,
819 2954 902 3019 aliud
925 2955 1023 3041 possit
1043 2974 1183 3021 morere:
1206 2954 1301 3039 igitur
1321 2974 1433 3041 corpus
1453 2953 1610 3020 bominem
1632 2975 1696 3020 non
1718 2962 1829 3021 motet.

660 3037 852 3116 Videndum,
880 3038 1019 3104 neforto
1040 3039 1161 3106 animae
1181 3047 1214 3105 ct
1233 3037 1372 3125 corporis
1394 3039 1460 3124 ipsa
1480 3039 1646 3126 permixtio
1664 3039 1749 3107 hunc
1769 3038 1827 3108 sibi
1836 3035 1879 3102 30

1448 3292 1535 3356 [Edd.
1558 3290 1761 3363 vicnhgsptlzb.

662 3373 873 3439 ‚,Ms.et01.“
918 3384 965 3429 ont
982 3393 1010 3428 ee
1028 3383 1096 3439 (orn.
1115 3384 1153 3440 et)
1176 3377 1199 3430 B
1219 3378 1275 3439 (111
1295 3392 1383 3428 esec.
1400 3381 1461 3437 m).
1477 3376 1657 3429 EddsGDO.
1684 3406 1721 3417 -
1744 3385 1830 3429 notua

661 3443 813 3509 differentia
830 3449 953 3505 (amet)
971 3444 1047 3512 ring.
1198 3449 1241 3497 26.
1278 3446 1323 3498 Ec
1340 3446 1459 3497 omuibus
1473 3445 1514 3497 liis
1530 3446 1580 3497 Rl.
1597 3472 1625 3484 -
1644 3445 1764 3497 alterins
1780 3462 1810 3497 c-

662 3512 712 3572 (cb
740 3511 769 3562 iu
790 3527 847 3579 mg.
871 3513 1006 3573 alternis)
1032 3513 1085 3564 112.
1120 3514 1296 3581 „Utrumque
1320 3512 1523 3579 repudiandum
1550 3513 1622 3565 est.“
1650 3513 1736 3565 Zeun.
1770 3512 1832 3566 l'i.

661 3584 718 3630 not.
740 3607 767 3616 -
788 3580 890 3631 dicetur
908 3588 979 3632 sture
997 3580 1029 3632 Β.
1047 3608 1081 3619 -
1097 3584 1161 3649 puio
1176 3589 1246 3650 post
1264 3600 1287 3633 c.
1360 3582 1388 3632 iu
1403 3589 1475 3648 post
1489 3588 1576 3649 potest
1595 3580 1645 3649 hg.
1680 3582 1730 3648 qui
1744 3588 1832 3649 potest

662 3663 687 3698 a.
704 3676 739 3685 -
756 3663 784 3698 se
802 3648 887 3715 ipsum
906 3648 1098 3718 Mss.v·gb1)0
1117 3653 1154 3715 „4
1171 3651 1273 3718 Angl.“
1309 3688 1327 3714 „
1350 3666 1434 3701 cuens
1452 3649 1591 3716 postulet,
1607 3665 1708 3717 nempe
1725 3648 1832 3715 princi·

662 3714 739 3781 pium
759 3719 880 3767 motus.“
902 3716 987 3769 Zeun.
1036 3718 1221 3787 seipsos-c.
1383 3721 1425 3769 27.
1461 3715 1831 3786 ostorgius„4mgl.“

662 3791 795 3903 νην
1016 3785 1414 3852 1
1433 3784 1516 3904 n·
1537 3784 1832 3906 “eamn

661 3920 694 3970 B.
714 3947 745 3957 -
763 3937 897 3973 sumamus
915 3939 947 3972 ar
969 3932 1076 3975 umento
1093 3923 1127 3975 B.
1279 3925 1323 3974 28.
1357 3923 1412 3974 ieta
1426 3922 1563 3989 inquisitio
1580 3922 1632 3974 Rl.
1784 3924 1831 3973 29.

661 3989 857 4046 ιάαηὶνναῑννη,
870 3988 947 4053 „Tm
976 3992 1005 4041 .“
1024 4018 1057 4031 -
1073 4008 1152 4060 quom
1169 3993 1338 4044 asserendum
1356 3996 1431 4055 (sup.
1451 3989 1515 4041 ndd.
1532 3994 1576 4050 nt)
1592 3989 1643 4039 Rl.

661 4060 704 4106 30.
739 4072 780 4106 an
794 4058 867 4121 sorte
885 4057 916 4109 F.
933 4087 964 4096 —
983 4060 1042 4127 ipsa
1057 4060 1217 4113 commixtio
1236 4058 1270 4111 Β.
1302 4059 1443 4128 permixtio
1459 4062 1536 4123 (unp.
1554 4055 1618 4109 add.
1637 4056 1712 4124 ipen)
1729 4053 1780 4106 Rl.
1797 4082 1831 4093 -

695 4295 739 4342 25.
778 4293 869 4344 Omnis
888 4300 973 4344 motus
996 4331 1019 4345 ..
1039 4301 1064 4346 et
1087 4294 1145 4344 ulia
1167 4310 1222 4345 mo·
1272 4288 1432 4377 παρέηονσα
1447 4290 1585 4365 mestrem
1603 4285 1689 4357 μηδὲν
1707 4285 1832 4356 δευτέρα,

662 4360 715 4425 vet]
732 4360 864 4411 carmi.
881 4361 915 4411 de
932 4362 1008 4429 legg.
1024 4362 1042 4411 l.
1060 4360 1094 4425 ll,
1110 4378 1135 4427 p.
1148 4364 1222 4411 sees
1273 4373 1443 4425 ..σωματος
1458 4348 1530 4412 οὖσα
1551 4352 1637 4427 dnos,-
1660 4350 1773 4424 ἀψύχου
1786 4372 1833 4423 με·

656 4419 746 4479 Ἔστω
764 4425 858 4479 τοίνυν
875 4419 893 4493 ἡ
911 4424 960 4494 μὲν
982 4426 1061 4495 ἕτερα
1084 4424 1223 4494 δυναμένη
1272 4421 1392 4495 ταβολή;

661 4499 746 4547 κινεῖν
761 4494 872 4562 κίνησις,
887 4490 988 4564 ἑαντὴν
1001 4494 1032 4549 δὲ
1043 4490 1223 4549 ἀδυνατοῦσα
1306 4499 1350 4547 26.
1385 4495 1422 4546 ad
1440 4493 1633 4561 deprecandum
1650 4492 1761 4544 ulterius
1775 4508 1833 4543 mo·

663 4559 707 4615 oiel
722 4563 773 4628 μία
789 4581 841 4628 τις,
870 4556 889 4629 ἦ
911 4560 936 4616 δ’
954 4557 1055 4633 ἑαυτήν
1070 4558 1093 4615 τ’
1117 4557 1160 4616 ciel
1175 4562 1224 4616 nul
1272 4563 1546 4615 nentisnccessitntcm
1561 4559 1642 4627 stare]
1660 4561 1758 4625 „Haec
1774 4560 1832 4611 for-

662 4627 743 4699 ἓτερα
765 4626 912 4698 δυναμένη.
1272 4632 1348 4683 mule
1367 4629 1484 4683 eundem
1502 4628 1559 4680 vim
1576 4628 1676 4691 babet,
1700 4643 1772 4695 quac
1789 4633 1833 4680 est

693 4702 770 4769 prior
785 4703 821 4751 ad
838 4701 966 4767 animam]
983 4699 1027 4751 cf.
1044 4697 1113 4752 ibid.
1131 4716 1158 4764 p.
1169 4701 1222 4750 895
1272 4698 1298 4766 [§
1311 4699 1362 4766 19.]
1380 4699 1409 4750 in
1425 4698 1479 4750 iun
1496 4697 1705 4749 minutionem
1721 4697 1833 4749 alteriue

664 4785 722 4834 seq.
734 4757 780 4819 Ὧι
796 4762 839 4838 δὴ,
849 4763 927 4835 ψυχὴ
944 4761 1082 4834 τοῦνομα,
1100 4764 1142 4826 τίς
1158 4760 1222 4819 τού-
1271 4769 1399 4821 nocentis
1416 4766 1561 4818 excludere.
1598 4765 1742 4846 Deprecari
1756 4763 1832 4817 enim

662 4852 713 4887 τον
736 4831 829 4919 λόχος
861 4831 957 4903 ἔχομεν
979 4830 1061 4888 ἄλλον
1082 4828 1153 4901 πλὴν
1173 4828 1223 4886 τὸν
1271 4835 1417 4902 significat
1432 4834 1515 4886 vuldo
1534 4848 1661 4902 precari,
1686 4838 1833 4885 etsensim

661 4902 716 4957 νῦν
752 4904 786 4970 δη
821 4899 958 4986 ῥηθέντα,
992 4898 1043 4971 τὴν
1071 4897 1224 4967 dereptam
1272 4904 1329 4956 loci
1352 4903 1468 4955 remoti·
1491 4901 1581 4969 tropis
1603 4902 1687 4968 paulo
1709 4899 1832 4953 insolen-

663 4966 752 5038 αὐτὴν
771 4965 859 5039 crispo
876 4976 960 5025 κινεῖν
975 4972 1089 5039 κίνησιν,
1106 4976 1135 5023 et
1150 4986 1223 5037 queo
1273 4970 1519 5024 tioribnsbiccstz
1537 4970 1712 5037 Principium
1730 4974 1833 5032 motus,

664 5045 828 5104 sequuntur.
1274 5057 1324 5093 son
1341 5040 1414 5093 illud
1432 5033 1627 5105 αὐτοκίνητον,
1643 5035 1763 5090 alterius
1779 5033 1832 5095 rei,

698 5107 735 5157 ud
760 5110 850 5160 omnin
873 5125 934 5160 vero
961 5124 1071 5176 corporo
1095 5106 1225 5158 sccundus
1275 5124 1345 5175 quae
1362 5113 1488 5171 movent,
1502 5106 1530 5159 vi
1547 5112 1576 5157 ot
1594 5122 1647 5172 ope
1663 5121 1717 5156 non
1736 5103 1833 5172 eget.“

664 5175 797 5293 ..μήνη
819 5175 864 5226 cr.
881 5175 951 5229 sore.
975 5193 1002 5243 p.
1022 5180 1083 5228 sse.
1103 5164 1153 5240 Ἆρ’
1173 5162 1225 5226 οὖν
1275 5177 1360 5229 zm.
1376 5205 1411 5215 -
1428 5176 1491 5228 vsa.
1509 5178 1567 5226 noe
1584 5174 1621 5226 aa
1636 5173 1660 5235 1,
1678 5175 1705 5236 a,
1723 5174 1748 5222 ν.

665 5233 756 5307 cdxci
797 5239 811 5293 l
887 5260 920 5297 ον
942 5240 972 5296 ἐν
991 5236 1063 5295 ἄλλα
1082 5238 1225 5310 νηνοὲνη
1307 5248 1351 5297 29.
1384 5245 1489 5297 nullu·
1504 5241 1653 5294 bmnium
1674 5254 1768 5307 corpus
1785 5254 1834 5291 ruo

665 5307 782 5376 κίνησις,
816 5302 869 5362 αὐτ
904 5307 934 5364 cl
949 5306 978 5365 ἐν
994 5296 1072 5382 ciic'pi
1088 5259 1224 5378 petiisse
1275 5320 1347 5366 notu
1360 5311 1469 5378 mosen]
1486 5309 1547 5363 Vid.
1565 5313 1622 5362 not„
1637 5305 1717 5360 nic.
1731 5305 1845 5366 mi.
