<?xml version="1.0" encoding="UTF-8"?>
<!DOCTYPE html PUBLIC "-//W3C//DTD XHTML 1.0 Transitional//EN"
    "http://www.w3.org/TR/xhtml1/DTD/xhtml1-transitional.dtd">
<html xmlns="http://www.w3.org/1999/xhtml" xml:lang="en" lang="en">
 <head>
  <title>
</title>
<meta http-equiv="Content-Type" content="text/html;charset=utf-8" />
  <meta name='ocr-system' content='tesseract 3.04.00' />
  <meta name='ocr-capabilities' content='ocr_page ocr_carea ocr_par ocr_line ocrx_word'/>
</head>
<body>
  <div class='ocr_page' id='page_1' title='image "./operaquaesupers00macrgoog/operaquaesupers00macrgoog_0240.png"; bbox 0 0 5092 6425; ppageno 0'>
   <div class='ocr_carea' id='block_1_1' title="bbox 724 855 1842 928">
    <p class='ocr_par' dir='ltr' id='par_1_1' title="bbox 724 855 1842 928">
     <span class='ocr_line' id='line_1_1' title="bbox 724 855 1842 928; baseline -0.005 0"><span class='ocrx_word' id='word_1_1' title='bbox 724 859 864 928; x_wconf 84' lang='lat' dir='ltr'><strong>COMM.</strong></span> <span class='ocrx_word' id='word_1_2' title='bbox 882 858 927 927; x_wconf 88' lang='grc' dir='ltr'><strong>ΙΝ</strong></span> <span class='ocrx_word' id='word_1_3' title='bbox 949 855 1075 925; x_wconf 90' lang='lat' dir='ltr'><strong>SOMN.</strong></span> <span class='ocrx_word' id='word_1_4' title='bbox 1097 856 1196 923; x_wconf 90' lang='lat' dir='ltr'>SCIP.</span> <span class='ocrx_word' id='word_1_5' title='bbox 1239 856 1359 921; x_wconf 70' lang='grc' dir='ltr'><strong>[ΠΗ</strong></span> <span class='ocrx_word' id='word_1_6' title='bbox 1404 855 1492 922; x_wconf 81' lang='lat' dir='ltr'><strong>CAP.</strong></span> <span class='ocrx_word' id='word_1_7' title='bbox 1514 857 1629 922; x_wconf 83' lang='lat' dir='ltr'><strong>xvffl.</strong></span> <span class='ocrx_word' id='word_1_8' title='bbox 1651 857 1737 922; x_wconf 82' lang='lat' dir='ltr'><strong>xlx.</strong></span> <span class='ocrx_word' id='word_1_9' title='bbox 1782 856 1842 922; x_wconf 83' lang='lat'><strong>103</strong></span> 
     </span>
    </p>
   </div>
   <div class='ocr_carea' id='block_1_2' title="bbox 661 1025 1887 2219">
    <p class='ocr_par' dir='ltr' id='par_1_2' title="bbox 661 1025 1887 2219">
     <span class='ocr_line' id='line_1_2' title="bbox 664 1025 1838 1116; baseline -0.003 -22"><span class='ocrx_word' id='word_1_10' title='bbox 664 1027 889 1116; x_wconf 86' lang='lat' dir='ltr'><strong>prehenderint</strong></span> <span class='ocrx_word' id='word_1_11' title='bbox 908 1034 939 1091; x_wconf 88' lang='lat' dir='ltr'><strong>et</strong></span> <span class='ocrx_word' id='word_1_12' title='bbox 962 1025 1130 1105; x_wconf 83' lang='lat' dir='ltr'>edixerint,</span> <span class='ocrx_word' id='word_1_13' title='bbox 1171 1046 1227 1092; x_wconf 93' lang='lat' dir='ltr'><strong>cur</strong></span> <span class='ocrx_word' id='word_1_14' title='bbox 1247 1048 1265 1090; x_wconf 90' lang='lat' dir='ltr'><strong>a</strong></span> <span class='ocrx_word' id='word_1_15' title='bbox 1287 1025 1444 1092; x_wconf 83' lang='lat' dir='ltr'>nonnullis</span> <span class='ocrx_word' id='word_1_16' title='bbox 1464 1026 1509 1091; x_wconf 85' lang='lat' dir='ltr'><strong>soi</strong></span> <span class='ocrx_word' id='word_1_17' title='bbox 1533 1046 1625 1111; x_wconf 89' lang='lat' dir='ltr'><strong>supra</strong></span> <span class='ocrx_word' id='word_1_18' title='bbox 1647 1027 1838 1091; x_wconf 79' lang='lat' dir='ltr'><strong>Mercurium</strong></span> 
     </span>
     <span class='ocr_line' id='line_1_3' title="bbox 664 1111 1838 1199; baseline -0.003 -20"><span class='ocrx_word' id='word_1_19' title='bbox 664 1134 822 1199; x_wconf 81' lang='lat' dir='ltr'><strong>supraque</strong></span> <span class='ocrx_word' id='word_1_20' title='bbox 852 1113 1007 1177; x_wconf 83' lang='lat' dir='ltr'><strong>Venerem</strong></span> <span class='ocrx_word' id='word_1_21' title='bbox 1034 1133 1101 1177; x_wconf 90' lang='lat' dir='ltr'><strong>esse</strong></span> <span class='ocrx_word' id='word_1_22' title='bbox 1132 1111 1284 1177; x_wconf 89' lang='lat' dir='ltr'><strong>credatur.</strong></span> <span class='ocrx_word' id='word_1_23' title='bbox 1334 1114 1412 1179; x_wconf 89' lang='lat' dir='ltr'><strong>Nam</strong></span> <span class='ocrx_word' id='word_1_24' title='bbox 1440 1131 1496 1175; x_wconf 89' lang='lat' dir='ltr'><strong>nec</strong></span> <span class='ocrx_word' id='word_1_25' title='bbox 1528 1111 1571 1175; x_wconf 85' lang='lat' dir='ltr'><strong>itti</strong></span> <span class='ocrx_word' id='word_1_26' title='bbox 1599 1111 1651 1195; x_wconf 93' lang='lat' dir='ltr'><strong>qui</strong></span> <span class='ocrx_word' id='word_1_27' title='bbox 1678 1112 1721 1175; x_wconf 87' lang='lat' dir='ltr'><strong>ita</strong></span> <span class='ocrx_word' id='word_1_28' title='bbox 1747 1113 1838 1176; x_wconf 90' lang='lat' dir='ltr'><strong>aesti-</strong></span> 
     </span>
     <span class='ocr_line' id='line_1_4' title="bbox 664 1196 1838 1296; baseline -0.004 -32"><span class='ocrx_word' id='word_1_29' title='bbox 664 1207 750 1264; x_wconf 89' lang='lat' dir='ltr'><strong>mant</strong></span> <span class='ocrx_word' id='word_1_30' title='bbox 779 1197 918 1282; x_wconf 88' lang='lat' dir='ltr'><strong>aspecie</strong></span> <span class='ocrx_word' id='word_1_31' title='bbox 946 1197 1011 1262; x_wconf 84' lang='lat' dir='ltr'><strong>veri</strong></span> <span class='ocrx_word' id='word_1_32' title='bbox 1039 1197 1145 1296; x_wconf 88' lang='lat' dir='ltr'><strong>procui</strong></span> <span class='ocrx_word' id='word_1_33' title='bbox 1166 1197 1324 1261; x_wconf 81' lang='lat' dir='ltr'><strong>aberrant:</strong></span> <span class='ocrx_word' id='word_1_34' title='bbox 1363 1196 1541 1283; x_wconf 83' lang='lat' dir='ltr'>opinionem</span> <span class='ocrx_word' id='word_1_35' title='bbox 1563 1216 1637 1260; x_wconf 87' lang='lat' dir='ltr'><strong>vero</strong></span> <span class='ocrx_word' id='word_1_36' title='bbox 1662 1196 1750 1261; x_wconf 93' lang='lat' dir='ltr'><strong>istius</strong></span> <span class='ocrx_word' id='word_1_37' title='bbox 1768 1216 1838 1282; x_wconf 90' lang='lat' dir='ltr'><strong>per·</strong></span> 
     </span>
     <span class='ocr_line' id='line_1_5' title="bbox 664 1279 1867 1366; baseline -0.002 -18"><span class='ocrx_word' id='word_1_38' title='bbox 664 1283 847 1350; x_wconf 82' lang='lat' dir='ltr'>mutationis</span> <span class='ocrx_word' id='word_1_39' title='bbox 869 1282 1048 1356; x_wconf 77' lang='lat' dir='ltr'><strong>huiusmodi</strong></span> <span class='ocrx_word' id='word_1_40' title='bbox 1069 1281 1149 1346; x_wconf 92' lang='lat' dir='ltr'><strong>ratio</strong></span> <span class='ocrx_word' id='word_1_41' title='bbox 1170 1282 1331 1366; x_wconf 80' lang='lat' dir='ltr'><strong>persuasit.</strong></span> <span class='ocrx_word' id='word_1_42' title='bbox 1380 1287 1407 1346; x_wconf 82' lang='grc' dir='ltr'>Α</span> <span class='ocrx_word' id='word_1_43' title='bbox 1431 1280 1554 1345; x_wconf 81' lang='lat' dir='ltr'><strong>Saturni</strong></span> <span class='ocrx_word' id='word_1_44' title='bbox 1571 1279 1721 1365; x_wconf 86' lang='lat' dir='ltr'><strong>sphaera,</strong></span> <span class='ocrx_word' id='word_1_45' title='bbox 1757 1290 1867 1366; x_wconf 82' lang='lat' dir='ltr'><strong>quae3</strong></span> 
     </span>
     <span class='ocr_line' id='line_1_6' title="bbox 663 1366 1837 1455; baseline -0.003 -21"><span class='ocrx_word' id='word_1_46' title='bbox 663 1379 710 1434; x_wconf 88' lang='lat' dir='ltr'><strong>est</strong></span> <span class='ocrx_word' id='word_1_47' title='bbox 729 1370 830 1455; x_wconf 90' lang='lat' dir='ltr'><strong>prima</strong></span> <span class='ocrx_word' id='word_1_48' title='bbox 850 1368 889 1433; x_wconf 90' lang='lat' dir='ltr'><strong>dc</strong></span> <span class='ocrx_word' id='word_1_49' title='bbox 910 1377 1045 1452; x_wconf 86' lang='lat' dir='ltr'><strong>septem,</strong></span> <span class='ocrx_word' id='word_1_50' title='bbox 1082 1389 1181 1452; x_wconf 90' lang='lat' dir='ltr'><strong>usque</strong></span> <span class='ocrx_word' id='word_1_51' title='bbox 1203 1368 1241 1431; x_wconf 89' lang='lat' dir='ltr'><strong>ad</strong></span> <span class='ocrx_word' id='word_1_52' title='bbox 1262 1367 1424 1452; x_wconf 87' lang='lat' dir='ltr'><strong>sphaeram</strong></span> <span class='ocrx_word' id='word_1_53' title='bbox 1444 1366 1525 1431; x_wconf 89' lang='lat' dir='ltr'><strong>Iovis</strong></span> <span class='ocrx_word' id='word_1_54' title='bbox 1547 1387 1564 1429; x_wconf 90' lang='lat' dir='ltr'><strong>a</strong></span> <span class='ocrx_word' id='word_1_55' title='bbox 1586 1386 1707 1430; x_wconf 92' lang='lat' dir='ltr'><strong>summo</strong></span> <span class='ocrx_word' id='word_1_56' title='bbox 1729 1388 1837 1432; x_wconf 89' lang='lat' dir='ltr'><strong>secun·</strong></span> 
     </span>
     <span class='ocr_line' id='line_1_7' title="bbox 663 1451 1887 1541; baseline -0.002 -22"><span class='ocrx_word' id='word_1_57' title='bbox 663 1455 734 1519; x_wconf 88' lang='lat' dir='ltr'><strong>darn</strong></span> <span class='ocrx_word' id='word_1_58' title='bbox 757 1452 909 1518; x_wconf 85' lang='lat' dir='ltr'><strong>interiecti</strong></span> <span class='ocrx_word' id='word_1_59' title='bbox 931 1454 1021 1537; x_wconf 86' lang='lat' dir='ltr'><strong>spatii</strong></span> <span class='ocrx_word' id='word_1_60' title='bbox 1042 1461 1126 1518; x_wconf 88' lang='lat' dir='ltr'><strong>tanta</strong></span> <span class='ocrx_word' id='word_1_61' title='bbox 1153 1453 1297 1518; x_wconf 85' lang='lat' dir='ltr'><strong>distantia</strong></span> <span class='ocrx_word' id='word_1_62' title='bbox 1319 1461 1381 1532; x_wconf 90' lang='lat' dir='ltr'><strong>est,</strong></span> <span class='ocrx_word' id='word_1_63' title='bbox 1419 1460 1456 1517; x_wconf 91' lang='lat' dir='ltr'><strong>ut</strong></span> <span class='ocrx_word' id='word_1_64' title='bbox 1476 1451 1590 1516; x_wconf 87' lang='lat' dir='ltr'><strong>zodiaci</strong></span> <span class='ocrx_word' id='word_1_65' title='bbox 1612 1451 1762 1515; x_wconf 88' lang='lat' dir='ltr'><strong>ambitum</strong></span> <span class='ocrx_word' id='word_1_66' title='bbox 1785 1473 1887 1541; x_wconf 65' lang='grc' dir='ltr'>ιιι-[ιη]</span> 
     </span>
     <span class='ocr_line' id='line_1_8' title="bbox 662 1535 1835 1625; baseline -0.004 -20"><span class='ocrx_word' id='word_1_67' title='bbox 662 1540 766 1625; x_wconf 90' lang='lat' dir='ltr'><strong>perior</strong></span> <span class='ocrx_word' id='word_1_68' title='bbox 794 1538 920 1621; x_wconf 86' lang='lat' dir='ltr'><strong>triginta</strong></span> <span class='ocrx_word' id='word_1_69' title='bbox 951 1537 1056 1616; x_wconf 90' lang='lat' dir='ltr'><strong>annis,</strong></span> <span class='ocrx_word' id='word_1_70' title='bbox 1096 1538 1257 1603; x_wconf 89' lang='lat' dir='ltr'><strong>duodecim</strong></span> <span class='ocrx_word' id='word_1_71' title='bbox 1287 1559 1360 1603; x_wconf 83' lang='lat' dir='ltr'><strong>vcro</strong></span> <span class='ocrx_word' id='word_1_72' title='bbox 1393 1537 1481 1602; x_wconf 89' lang='lat' dir='ltr'><strong>annis</strong></span> <span class='ocrx_word' id='word_1_73' title='bbox 1514 1536 1650 1601; x_wconf 87' lang='lat' dir='ltr'><strong>subiecta</strong></span> <span class='ocrx_word' id='word_1_74' title='bbox 1681 1535 1835 1600; x_wconf 86' lang='lat' dir='ltr'><strong>conficiat:</strong></span> 
     </span>
     <span class='ocr_line' id='line_1_9' title="bbox 662 1620 1835 1707; baseline -0.004 -18"><span class='ocrx_word' id='word_1_75' title='bbox 662 1645 769 1689; x_wconf 87' lang='lat' dir='ltr'><strong>rursus</strong></span> <span class='ocrx_word' id='word_1_76' title='bbox 790 1631 912 1688; x_wconf 89' lang='lat' dir='ltr'><strong>tantum</strong></span> <span class='ocrx_word' id='word_1_77' title='bbox 935 1644 953 1688; x_wconf 90' lang='lat' dir='ltr'><strong>a</strong></span> <span class='ocrx_word' id='word_1_78' title='bbox 973 1625 1046 1689; x_wconf 86' lang='lat' dir='ltr'><strong>lova</strong></span> <span class='ocrx_word' id='word_1_79' title='bbox 1066 1623 1195 1707; x_wconf 88' lang='lat' dir='ltr'><strong>sphaera</strong></span> <span class='ocrx_word' id='word_1_80' title='bbox 1216 1625 1327 1689; x_wconf 89' lang='lat' dir='ltr'><strong>Martis</strong></span> <span class='ocrx_word' id='word_1_81' title='bbox 1349 1623 1479 1700; x_wconf 87' lang='lat' dir='ltr'><strong>recedit,</strong></span> <span class='ocrx_word' id='word_1_82' title='bbox 1500 1630 1537 1686; x_wconf 93' lang='lat' dir='ltr'><strong>ut</strong></span> <span class='ocrx_word' id='word_1_83' title='bbox 1558 1620 1691 1685; x_wconf 91' lang='lat' dir='ltr'><strong>eundem</strong></span> <span class='ocrx_word' id='word_1_84' title='bbox 1710 1640 1835 1685; x_wconf 90' lang='lat' dir='ltr'><strong>cursum</strong></span> 
     </span>
     <span class='ocr_line' id='line_1_10' title="bbox 662 1704 1864 1793; baseline -0.002 -19"><span class='ocrx_word' id='word_1_85' title='bbox 662 1709 789 1775; x_wconf 88' lang='lat' dir='ltr'><strong>biennio</strong></span> <span class='ocrx_word' id='word_1_86' title='bbox 811 1715 946 1793; x_wconf 80' lang='lat' dir='ltr'><strong>peragat.</strong></span> <span class='ocrx_word' id='word_1_87' title='bbox 990 1711 1096 1774; x_wconf 91' lang='lat' dir='ltr'><strong>Venus</strong></span> <span class='ocrx_word' id='word_1_88' title='bbox 1119 1716 1223 1772; x_wconf 91' lang='lat' dir='ltr'><strong>autem</strong></span> <span class='ocrx_word' id='word_1_89' title='bbox 1246 1717 1333 1774; x_wconf 93' lang='lat' dir='ltr'><strong>tanto</strong></span> <span class='ocrx_word' id='word_1_90' title='bbox 1352 1717 1400 1773; x_wconf 89' lang='lat' dir='ltr'><strong>est</strong></span> <span class='ocrx_word' id='word_1_91' title='bbox 1421 1706 1547 1791; x_wconf 85' lang='lat' dir='ltr'><strong>regione</strong></span> <span class='ocrx_word' id='word_1_92' title='bbox 1567 1706 1677 1772; x_wconf 88' lang='lat' dir='ltr'><strong>Martis</strong></span> <span class='ocrx_word' id='word_1_93' title='bbox 1699 1704 1864 1783; x_wconf 69' lang='lat' dir='ltr'><strong>interient</strong></span> 
     </span>
     <span class='ocr_line' id='line_1_11' title="bbox 661 1791 1835 1879; baseline -0.003 -20"><span class='ocrx_word' id='word_1_94' title='bbox 661 1804 697 1859; x_wconf 94' lang='lat' dir='ltr'><strong>ut</strong></span> <span class='ocrx_word' id='word_1_95' title='bbox 720 1794 750 1858; x_wconf 90' lang='lat' dir='ltr'><strong>ei</strong></span> <span class='ocrx_word' id='word_1_96' title='bbox 775 1814 875 1858; x_wconf 91' lang='lat' dir='ltr'><strong>annus</strong></span> <span class='ocrx_word' id='word_1_97' title='bbox 903 1791 978 1857; x_wconf 90' lang='lat' dir='ltr'><strong>satis</strong></span> <span class='ocrx_word' id='word_1_98' title='bbox 1006 1794 1047 1858; x_wconf 89' lang='lat' dir='ltr'><strong>sit</strong></span> <span class='ocrx_word' id='word_1_99' title='bbox 1070 1792 1107 1856; x_wconf 90' lang='lat' dir='ltr'><strong>ad</strong></span> <span class='ocrx_word' id='word_1_100' title='bbox 1135 1794 1292 1858; x_wconf 89' lang='lat' dir='ltr'><strong>zodiacum</strong></span> <span class='ocrx_word' id='word_1_101' title='bbox 1321 1792 1556 1879; x_wconf 85' lang='lat' dir='ltr'><strong>peragrandum.</strong></span> <span class='ocrx_word' id='word_1_102' title='bbox 1601 1794 1667 1857; x_wconf 93' lang='lat' dir='ltr'><strong>lam</strong></span> <span class='ocrx_word' id='word_1_103' title='bbox 1692 1812 1766 1856; x_wconf 83' lang='lat' dir='ltr'><strong>vero</strong></span> <span class='ocrx_word' id='word_1_104' title='bbox 1792 1791 1835 1855; x_wconf 92' lang='lat' dir='ltr'><strong>ita</strong></span> 
     </span>
     <span class='ocr_line' id='line_1_12' title="bbox 661 1876 1834 1963; baseline -0.003 -19"><span class='ocrx_word' id='word_1_105' title='bbox 661 1879 779 1944; x_wconf 85' lang='lat' dir='ltr'><strong>Veneri</strong></span> <span class='ocrx_word' id='word_1_106' title='bbox 799 1879 939 1963; x_wconf 82' lang='lat' dir='ltr'><strong>proxima</strong></span> <span class='ocrx_word' id='word_1_107' title='bbox 961 1886 1009 1942; x_wconf 88' lang='lat' dir='ltr'><strong>est</strong></span> <span class='ocrx_word' id='word_1_108' title='bbox 1029 1877 1116 1943; x_wconf 83' lang='lat' dir='ltr'><strong>steila</strong></span> <span class='ocrx_word' id='word_1_109' title='bbox 1138 1879 1302 1955; x_wconf 87' lang='lat' dir='ltr'><strong>Mercurii,</strong></span> <span class='ocrx_word' id='word_1_110' title='bbox 1330 1887 1362 1943; x_wconf 90' lang='lat' dir='ltr'><strong>et</strong></span> <span class='ocrx_word' id='word_1_111' title='bbox 1384 1879 1540 1944; x_wconf 87' lang='lat' dir='ltr'><strong>Mercurio</strong></span> <span class='ocrx_word' id='word_1_112' title='bbox 1563 1877 1608 1941; x_wconf 88' lang='lat' dir='ltr'><strong>soi</strong></span> <span class='ocrx_word' id='word_1_113' title='bbox 1631 1876 1834 1962; x_wconf 89' lang='lat' dir='ltr'><strong>propinquus,</strong></span> 
     </span>
     <span class='ocr_line' id='line_1_13' title="bbox 661 1961 1834 2048; baseline -0.004 -19"><span class='ocrx_word' id='word_1_114' title='bbox 661 1971 698 2029; x_wconf 90' lang='lat' dir='ltr'><strong>ut</strong></span> <span class='ocrx_word' id='word_1_115' title='bbox 719 1962 752 2027; x_wconf 90' lang='lat' dir='ltr'><strong>hi</strong></span> <span class='ocrx_word' id='word_1_116' title='bbox 772 1973 835 2028; x_wconf 89' lang='lat' dir='ltr'><strong>tres</strong></span> <span class='ocrx_word' id='word_1_117' title='bbox 855 1963 973 2028; x_wconf 83' lang='lat' dir='ltr'><strong>caelum</strong></span> <span class='ocrx_word' id='word_1_118' title='bbox 997 1984 1087 2028; x_wconf 93' lang='lat' dir='ltr'><strong>suum</strong></span> <span class='ocrx_word' id='word_1_119' title='bbox 1115 1964 1181 2048; x_wconf 90' lang='lat' dir='ltr'><strong>pari</strong></span> <span class='ocrx_word' id='word_1_120' title='bbox 1209 1965 1358 2048; x_wconf 86' lang='lat' dir='ltr'><strong>temporis</strong></span> <span class='ocrx_word' id='word_1_121' title='bbox 1385 1966 1499 2048; x_wconf 88' lang='lat' dir='ltr'><strong>spatio,</strong></span> <span class='ocrx_word' id='word_1_122' title='bbox 1536 1962 1567 2025; x_wconf 95' lang='lat' dir='ltr'><strong>id</strong></span> <span class='ocrx_word' id='word_1_123' title='bbox 1589 1970 1637 2027; x_wconf 90' lang='lat' dir='ltr'><strong>ost</strong></span> <span class='ocrx_word' id='word_1_124' title='bbox 1656 1983 1737 2026; x_wconf 90' lang='lat' dir='ltr'><strong>anno</strong></span> <span class='ocrx_word' id='word_1_125' title='bbox 1763 1961 1834 2046; x_wconf 83' lang='lat' dir='ltr'><strong>ptus</strong></span> 
     </span>
     <span class='ocr_line' id='line_1_14' title="bbox 661 2047 1833 2125; baseline -0.003 -12"><span class='ocrx_word' id='word_1_126' title='bbox 661 2049 812 2125; x_wconf 83' lang='lat' dir='ltr'><strong>minusve,</strong></span> <span class='ocrx_word' id='word_1_127' title='bbox 833 2048 1030 2114; x_wconf 88' lang='lat' dir='ltr'><strong>circumeant.</strong></span> <span class='ocrx_word' id='word_1_128' title='bbox 1071 2048 1146 2113; x_wconf 83' lang='lat' dir='ltr'><strong>Ideo</strong></span> <span class='ocrx_word' id='word_1_129' title='bbox 1166 2056 1198 2113; x_wconf 91' lang='lat' dir='ltr'><strong>et</strong></span> <span class='ocrx_word' id='word_1_130' title='bbox 1217 2049 1327 2115; x_wconf 85' lang='lat' dir='ltr'><strong>Cicero</strong></span> <span class='ocrx_word' id='word_1_131' title='bbox 1340 2047 1402 2112; x_wconf 69' lang='lat' dir='ltr'><strong>&#39;hos</strong></span> <span class='ocrx_word' id='word_1_132' title='bbox 1424 2049 1502 2112; x_wconf 95' lang='lat' dir='ltr'><strong>duos</strong></span> <span class='ocrx_word' id='word_1_133' title='bbox 1522 2067 1630 2112; x_wconf 89' lang='lat' dir='ltr'><strong>cursus</strong></span> <span class='ocrx_word' id='word_1_134' title='bbox 1647 2049 1764 2111; x_wconf 76' lang='lat' dir='ltr'><strong>comites</strong></span> <span class='ocrx_word' id='word_1_135' title='bbox 1784 2067 1833 2110; x_wconf 92' lang='lat' dir='ltr'><strong>so·</strong></span> 
     </span>
     <span class='ocr_line' id='line_1_15' title="bbox 662 2131 1834 2219; baseline -0.003 -23"><span class='ocrx_word' id='word_1_136' title='bbox 662 2133 859 2211; x_wconf 74' lang='lat' dir='ltr'><strong>devocavit,</strong></span> <span class='ocrx_word' id='word_1_137' title='bbox 897 2134 970 2219; x_wconf 86' lang='lat' dir='ltr'><strong>quia</strong></span> <span class='ocrx_word' id='word_1_138' title='bbox 996 2134 1028 2197; x_wconf 92' lang='lat' dir='ltr'><strong>in</strong></span> <span class='ocrx_word' id='word_1_139' title='bbox 1057 2133 1155 2218; x_wconf 92' lang='lat' dir='ltr'><strong>spatio</strong></span> <span class='ocrx_word' id='word_1_140' title='bbox 1205 2133 1249 2197; x_wconf 87' lang='lat' dir='ltr'><strong>ari</strong></span> <span class='ocrx_word' id='word_1_141' title='bbox 1280 2133 1370 2217; x_wconf 80' lang='lat' dir='ltr'><strong>longe</strong></span> <span class='ocrx_word' id='word_1_142' title='bbox 1392 2154 1410 2197; x_wconf 89' lang='lat' dir='ltr'><strong>a</strong></span> <span class='ocrx_word' id='word_1_143' title='bbox 1431 2153 1464 2197; x_wconf 88' lang='lat' dir='ltr'><strong>se</strong></span> <span class='ocrx_word' id='word_1_144' title='bbox 1485 2152 1654 2216; x_wconf 91' lang='lat' dir='ltr'><strong>numquam</strong></span> <span class='ocrx_word' id='word_1_145' title='bbox 1677 2131 1834 2194; x_wconf 86' lang='lat' dir='ltr'><strong>recedunt</strong></span> 
     </span>
    </p>
   </div>
   <div class='ocr_carea' id='block_1_3' title="bbox 661 2155 1863 2392">
    <p class='ocr_par' dir='ltr' id='par_1_3' title="bbox 661 2155 1863 2392">
     <span class='ocr_line' id='line_1_16' title="bbox 661 2155 1863 2307; baseline -0.002 -26"><span class='ocrx_word' id='word_1_146' title='bbox 661 2219 751 2282; x_wconf 92' lang='lat' dir='ltr'><strong>Luna</strong></span> <span class='ocrx_word' id='word_1_147' title='bbox 774 2225 876 2282; x_wconf 86' lang='lat' dir='ltr'><strong>autem</strong></span> <span class='ocrx_word' id='word_1_148' title='bbox 897 2225 1017 2307; x_wconf 84' lang='lat' dir='ltr'><strong>tuntum</strong></span> <span class='ocrx_word' id='word_1_149' title='bbox 1041 2219 1079 2283; x_wconf 91' lang='lat' dir='ltr'><strong>ab</strong></span> <span class='ocrx_word' id='word_1_150' title='bbox 1100 2217 1148 2282; x_wconf 93' lang='lat' dir='ltr'><strong>his</strong></span> <span class='ocrx_word' id='word_1_151' title='bbox 1171 2155 1315 2282; x_wconf 70' lang='lat' dir='ltr'><strong>deorsum</strong></span> <span class='ocrx_word' id='word_1_152' title='bbox 1336 2217 1477 2294; x_wconf 88' lang='lat' dir='ltr'><strong>recessit,</strong></span> <span class='ocrx_word' id='word_1_153' title='bbox 1498 2223 1549 2300; x_wconf 90' lang='lat' dir='ltr'><strong>ut,</strong></span> <span class='ocrx_word' id='word_1_154' title='bbox 1571 2215 1654 2301; x_wconf 93' lang='lat' dir='ltr'><strong>quod</strong></span> <span class='ocrx_word' id='word_1_155' title='bbox 1674 2215 1717 2278; x_wconf 87' lang='lat' dir='ltr'><strong>iiii</strong></span> <span class='ocrx_word' id='word_1_156' title='bbox 1741 2216 1863 2291; x_wconf 83' lang='lat' dir='ltr'><strong>anno,5</strong></span> 
     </span>
     <span class='ocr_line' id='line_1_17' title="bbox 661 2299 1833 2392; baseline -0.005 -24"><span class='ocrx_word' id='word_1_157' title='bbox 661 2302 772 2388; x_wconf 81' lang='lat' dir='ltr'><strong>viginti</strong></span> <span class='ocrx_word' id='word_1_158' title='bbox 793 2309 861 2368; x_wconf 92' lang='lat' dir='ltr'><strong>octo</strong></span> <span class='ocrx_word' id='word_1_159' title='bbox 883 2303 990 2370; x_wconf 88' lang='lat' dir='ltr'><strong>diebus</strong></span> <span class='ocrx_word' id='word_1_160' title='bbox 1018 2305 1084 2392; x_wconf 87' lang='lat' dir='ltr'><strong>ipsa</strong></span> <span class='ocrx_word' id='word_1_161' title='bbox 1108 2303 1265 2369; x_wconf 87' lang='lat' dir='ltr'><strong>conficiat:</strong></span> <span class='ocrx_word' id='word_1_162' title='bbox 1304 2303 1374 2367; x_wconf 92' lang='lat' dir='ltr'><strong>ideo</strong></span> <span class='ocrx_word' id='word_1_163' title='bbox 1397 2322 1499 2387; x_wconf 89' lang='lat' dir='ltr'><strong>neque</strong></span> <span class='ocrx_word' id='word_1_164' title='bbox 1519 2301 1557 2366; x_wconf 93' lang='lat' dir='ltr'><strong>dc</strong></span> <span class='ocrx_word' id='word_1_165' title='bbox 1577 2301 1672 2365; x_wconf 93' lang='lat' dir='ltr'><strong>trium</strong></span> <span class='ocrx_word' id='word_1_166' title='bbox 1694 2299 1833 2383; x_wconf 90' lang='lat' dir='ltr'><strong>superio-</strong></span> 
     </span>
    </p>
   </div>
   <div class='ocr_carea' id='block_1_4' title="bbox 1146 2462 1764 2555">
    <p class='ocr_par' dir='ltr' id='par_1_4' title="bbox 1146 2462 1764 2555">
     <span class='ocr_line' id='line_1_18' title="bbox 1146 2462 1764 2555; baseline -0.013 -10"><span class='ocrx_word' id='word_1_167' title='bbox 1146 2462 1163 2518; x_wconf 64' lang='lat'><strong>*</strong></span> <span class='ocrx_word' id='word_1_168' title='bbox 1457 2490 1542 2553; x_wconf 83' lang='lat' dir='ltr'><strong>[uua.</strong></span> <span class='ocrx_word' id='word_1_169' title='bbox 1560 2487 1764 2555; x_wconf 67' lang='lat' dir='ltr'><strong>vrcungspazn.</strong></span> 
     </span>
    </p>
   </div>
   <div class='ocr_carea' id='block_1_5' title="bbox 655 2572 1862 4262">
    <p class='ocr_par' dir='ltr' id='par_1_5' title="bbox 656 2572 1833 3456">
     <span class='ocr_line' id='line_1_19' title="bbox 659 2572 1832 2646; baseline -0.003 -20"><span class='ocrx_word' id='word_1_170' title='bbox 659 2572 731 2627; x_wconf 70' lang='lat' dir='ltr'><strong>Bon.</strong></span> <span class='ocrx_word' id='word_1_171' title='bbox 777 2583 807 2628; x_wconf 90' lang='lat' dir='ltr'><strong>at</strong></span> <span class='ocrx_word' id='word_1_172' title='bbox 822 2576 928 2629; x_wconf 87' lang='lat' dir='ltr'><strong>ratione</strong></span> <span class='ocrx_word' id='word_1_173' title='bbox 944 2584 1033 2630; x_wconf 89' lang='lat' dir='ltr'><strong>tamen</strong></span> <span class='ocrx_word' id='word_1_174' title='bbox 1051 2577 1124 2646; x_wconf 89' lang='lat' dir='ltr'><strong>depr.</strong></span> <span class='ocrx_word' id='word_1_175' title='bbox 1143 2584 1212 2639; x_wconf 87' lang='lat' dir='ltr'><strong>(om.</strong></span> <span class='ocrx_word' id='word_1_176' title='bbox 1230 2582 1270 2637; x_wconf 88' lang='lat' dir='ltr'><strong>et)</strong></span> <span class='ocrx_word' id='word_1_177' title='bbox 1288 2575 1366 2628; x_wconf 63' lang='lat' dir='ltr'><strong>rub.</strong></span> <span class='ocrx_word' id='word_1_178' title='bbox 1417 2582 1448 2628; x_wconf 91' lang='lat' dir='ltr'><strong>ut</strong></span> <span class='ocrx_word' id='word_1_179' title='bbox 1465 2575 1595 2626; x_wconf 87' lang='lat' dir='ltr'><strong>rationem</strong></span> <span class='ocrx_word' id='word_1_180' title='bbox 1613 2579 1740 2624; x_wconf 90' lang='lat' dir='ltr'><strong>tantum</strong></span> <span class='ocrx_word' id='word_1_181' title='bbox 1758 2573 1832 2639; x_wconf 83' lang='lat' dir='ltr'><strong>depr.</strong></span> 
     </span>
     <span class='ocr_line' id='line_1_20' title="bbox 659 2639 1832 2713; baseline -0.003 -19"><span class='ocrx_word' id='word_1_182' title='bbox 659 2643 690 2694; x_wconf 77' lang='lat' dir='ltr'><strong>[s.</strong></span> <span class='ocrx_word' id='word_1_183' title='bbox 713 2670 746 2681; x_wconf 96' lang='lat'><em>—</em></span> <span class='ocrx_word' id='word_1_184' title='bbox 766 2646 895 2696; x_wconf 71' lang='lat' dir='ltr'><strong>edixerint</strong></span> <span class='ocrx_word' id='word_1_185' title='bbox 918 2644 960 2706; x_wconf 85' lang='lat' dir='ltr'><strong>(in</strong></span> <span class='ocrx_word' id='word_1_186' title='bbox 984 2662 1042 2713; x_wconf 80' lang='lat' dir='ltr'><strong>mg.</strong></span> <span class='ocrx_word' id='word_1_187' title='bbox 1061 2647 1234 2706; x_wconf 73' lang='lat' dir='ltr'><strong>elicuerant)</strong></span> <span class='ocrx_word' id='word_1_188' title='bbox 1256 2662 1285 2712; x_wconf 80' lang='lat' dir='ltr'><strong>g.</strong></span> <span class='ocrx_word' id='word_1_189' title='bbox 1318 2644 1398 2696; x_wconf 84' lang='lat' dir='ltr'><strong>Unde</strong></span> <span class='ocrx_word' id='word_1_190' title='bbox 1415 2644 1556 2695; x_wconf 85' lang='lat' dir='ltr'><strong>Pantanus</strong></span> <span class='ocrx_word' id='word_1_191' title='bbox 1580 2639 1694 2694; x_wconf 90' lang='lat' dir='ltr'><strong>coniicit</strong></span> <span class='ocrx_word' id='word_1_192' title='bbox 1716 2640 1832 2703; x_wconf 78' lang='lat' dir='ltr'><strong>delirae-</strong></span> 
     </span>
     <span class='ocr_line' id='line_1_21' title="bbox 659 2707 1833 2779; baseline -0.003 -17"><span class='ocrx_word' id='word_1_193' title='bbox 659 2712 727 2775; x_wconf 86' lang='lat' dir='ltr'><strong>rint,</strong></span> <span class='ocrx_word' id='word_1_194' title='bbox 744 2712 895 2764; x_wconf 84' lang='lat' dir='ltr'><strong>adiiciens=</strong></span> <span class='ocrx_word' id='word_1_195' title='bbox 913 2713 1006 2779; x_wconf 90' lang='lat' dir='ltr'><strong>„quod</strong></span> <span class='ocrx_word' id='word_1_196' title='bbox 1025 2730 1076 2764; x_wconf 86' lang='lat' dir='ltr'><strong>nos</strong></span> <span class='ocrx_word' id='word_1_197' title='bbox 1095 2714 1266 2767; x_wconf 80' lang='lat' dir='ltr'><strong>dedicaverint</strong></span> <span class='ocrx_word' id='word_1_198' title='bbox 1285 2718 1333 2764; x_wconf 81' lang='lat' dir='ltr'><strong>sut</strong></span> <span class='ocrx_word' id='word_1_199' title='bbox 1350 2712 1544 2764; x_wconf 83' lang='lat' dir='ltr'><strong>declaraverint</strong></span> <span class='ocrx_word' id='word_1_200' title='bbox 1562 2708 1741 2760; x_wconf 82' lang='lat' dir='ltr'><strong>dixissemus·</strong></span> <span class='ocrx_word' id='word_1_201' title='bbox 1776 2707 1833 2759; x_wconf 83' lang='lat' dir='ltr'><strong>No-</strong></span> 
     </span>
     <span class='ocr_line' id='line_1_22' title="bbox 659 2775 1833 2848; baseline -0.002 -20"><span class='ocrx_word' id='word_1_202' title='bbox 659 2779 735 2830; x_wconf 83' lang='lat' dir='ltr'><strong>nius:</strong></span> <span class='ocrx_word' id='word_1_203' title='bbox 769 2781 860 2830; x_wconf 85' lang='lat' dir='ltr'><strong>Detica</strong></span> <span class='ocrx_word' id='word_1_204' title='bbox 883 2789 922 2832; x_wconf 88' lang='lat' dir='ltr'><strong>est</strong></span> <span class='ocrx_word' id='word_1_205' title='bbox 945 2781 1021 2848; x_wconf 85' lang='lat' dir='ltr'><strong>operi</strong></span> <span class='ocrx_word' id='word_1_206' title='bbox 1043 2781 1086 2831; x_wconf 86' lang='lat' dir='ltr'><strong>uel</strong></span> <span class='ocrx_word' id='word_1_207' title='bbox 1107 2782 1230 2847; x_wconf 68' lang='lat' dir='ltr'><strong>explana.</strong></span> <span class='ocrx_word' id='word_1_208' title='bbox 1270 2781 1416 2832; x_wconf 77' lang='lat' dir='ltr'><strong>Titinnius:</strong></span> <span class='ocrx_word' id='word_1_209' title='bbox 1445 2781 1515 2845; x_wconf 78' lang='lat' dir='ltr'><strong>Quid</strong></span> <span class='ocrx_word' id='word_1_210' title='bbox 1533 2780 1600 2830; x_wconf 85' lang='lat' dir='ltr'><strong>istuc</strong></span> <span class='ocrx_word' id='word_1_211' title='bbox 1618 2776 1675 2829; x_wconf 83' lang='lat' dir='ltr'><strong>est?</strong></span> <span class='ocrx_word' id='word_1_212' title='bbox 1700 2783 1748 2827; x_wconf 87' lang='lat' dir='ltr'><strong>aut</strong></span> <span class='ocrx_word' id='word_1_213' title='bbox 1768 2775 1833 2842; x_wconf 86' lang='lat' dir='ltr'><strong>qaid</strong></span> 
     </span>
     <span class='ocr_line' id='line_1_23' title="bbox 660 2845 1833 2913; baseline -0.003 -16"><span class='ocrx_word' id='word_1_214' title='bbox 660 2848 719 2900; x_wconf 88' lang='lat' dir='ltr'><strong>istic</strong></span> <span class='ocrx_word' id='word_1_215' title='bbox 736 2848 786 2898; x_wconf 83' lang='lat' dir='ltr'><strong>eidi</strong></span> <span class='ocrx_word' id='word_1_216' title='bbox 806 2849 865 2899; x_wconf 84' lang='lat' dir='ltr'><strong>uult</strong></span> <span class='ocrx_word' id='word_1_217' title='bbox 882 2847 987 2899; x_wconf 74' lang='lat' dir='ltr'><strong>sermo?</strong></span> <span class='ocrx_word' id='word_1_218' title='bbox 1008 2856 1094 2900; x_wconf 88' lang='lat' dir='ltr'><strong>mater</strong></span> <span class='ocrx_word' id='word_1_219' title='bbox 1109 2850 1225 2901; x_wconf 87' lang='lat' dir='ltr'><strong>delicu.“</strong></span> <span class='ocrx_word' id='word_1_220' title='bbox 1278 2848 1437 2900; x_wconf 82' lang='lat' dir='ltr'><strong>Gronovius</strong></span> <span class='ocrx_word' id='word_1_221' title='bbox 1456 2864 1518 2899; x_wconf 91' lang='lat' dir='ltr'><strong>cum</strong></span> <span class='ocrx_word' id='word_1_222' title='bbox 1536 2846 1678 2913; x_wconf 82' lang='lat' dir='ltr'><strong>scriptura</strong></span> <span class='ocrx_word' id='word_1_223' title='bbox 1695 2845 1833 2896; x_wconf 89' lang='lat' dir='ltr'><strong>rationem</strong></span> 
     </span>
     <span class='ocr_line' id='line_1_24' title="bbox 658 2910 1831 2984; baseline -0.003 -20"><span class='ocrx_word' id='word_1_224' title='bbox 658 2948 701 2966; x_wconf 85' lang='lat'><strong>...</strong></span> <span class='ocrx_word' id='word_1_225' title='bbox 720 2915 851 2967; x_wconf 80' lang='lat' dir='ltr'><strong>ediaerint</strong></span> <span class='ocrx_word' id='word_1_226' title='bbox 866 2915 977 2966; x_wconf 77' lang='lat' dir='ltr'><strong>confert</strong></span> <span class='ocrx_word' id='word_1_227' title='bbox 994 2914 1035 2978; x_wconf 88' lang='lat' dir='ltr'><strong>ll,</strong></span> <span class='ocrx_word' id='word_1_228' title='bbox 1055 2919 1095 2977; x_wconf 77' lang='lat' dir='ltr'><strong>it,</strong></span> <span class='ocrx_word' id='word_1_229' title='bbox 1113 2915 1126 2981; x_wconf 99' lang='lat'><strong>5</strong></span> <span class='ocrx_word' id='word_1_230' title='bbox 1145 2920 1185 2966; x_wconf 77' lang='lat'><strong>13.</strong></span> <span class='ocrx_word' id='word_1_231' title='bbox 1201 2923 1341 2984; x_wconf 79' lang='lat' dir='ltr'><strong>postquam</strong></span> <span class='ocrx_word' id='word_1_232' title='bbox 1424 2917 1516 2978; x_wconf 77' lang='lat' dir='ltr'><strong>edicit,</strong></span> <span class='ocrx_word' id='word_1_233' title='bbox 1533 2915 1582 2965; x_wconf 86' lang='lat' dir='ltr'><strong>sod</strong></span> <span class='ocrx_word' id='word_1_234' title='bbox 1600 2913 1690 2966; x_wconf 75' lang='lat' dir='ltr'><strong>sotir:</strong></span> <span class='ocrx_word' id='word_1_235' title='bbox 1711 2910 1831 2977; x_wconf 88' lang='lat' dir='ltr'><strong>„Suspi-</strong></span> 
     </span>
     <span class='ocr_line' id='line_1_25' title="bbox 658 2979 1831 3046; baseline -0.003 -14"><span class='ocrx_word' id='word_1_236' title='bbox 658 2999 707 3032; x_wconf 87' lang='lat' dir='ltr'><strong>cor</strong></span> <span class='ocrx_word' id='word_1_237' title='bbox 723 2989 814 3037; x_wconf 89' lang='lat' dir='ltr'><strong>tumen</strong></span> <span class='ocrx_word' id='word_1_238' title='bbox 833 2983 922 3034; x_wconf 80' lang='lat' dir='ltr'><strong>fuisse</strong></span> <span class='ocrx_word' id='word_1_239' title='bbox 939 2983 1007 3033; x_wconf 86' lang='lat' dir='ltr'><strong>olim</strong></span> <span class='ocrx_word' id='word_1_240' title='bbox 1027 2991 1052 3035; x_wconf 80' lang='lat' dir='ltr'><strong>ct</strong></span> <span class='ocrx_word' id='word_1_241' title='bbox 1070 2985 1208 3036; x_wconf 86' lang='lat' dir='ltr'><strong>ediderint.</strong></span> <span class='ocrx_word' id='word_1_242' title='bbox 1243 2985 1295 3035; x_wconf 85' lang='lat' dir='ltr'><strong>Est</strong></span> <span class='ocrx_word' id='word_1_243' title='bbox 1317 2984 1391 3034; x_wconf 88' lang='lat' dir='ltr'><strong>enim</strong></span> <span class='ocrx_word' id='word_1_244' title='bbox 1414 2983 1555 3034; x_wconf 88' lang='lat' dir='ltr'><strong>interdum</strong></span> <span class='ocrx_word' id='word_1_245' title='bbox 1580 2983 1655 3032; x_wconf 89' lang='lat' dir='ltr'><strong>edere</strong></span> <span class='ocrx_word' id='word_1_246' title='bbox 1676 2979 1705 3030; x_wconf 91' lang='lat' dir='ltr'><strong>id</strong></span> <span class='ocrx_word' id='word_1_247' title='bbox 1728 2979 1831 3046; x_wconf 88' lang='lat' dir='ltr'><strong>ipsum,</strong></span> 
     </span>
     <span class='ocr_line' id='line_1_26' title="bbox 657 3047 1831 3120; baseline -0.003 -19"><span class='ocrx_word' id='word_1_248' title='bbox 657 3051 729 3116; x_wconf 92' lang='lat' dir='ltr'><strong>quod</strong></span> <span class='ocrx_word' id='word_1_249' title='bbox 747 3056 776 3101; x_wconf 86' lang='lat' dir='ltr'><strong>ct</strong></span> <span class='ocrx_word' id='word_1_250' title='bbox 791 3052 904 3118; x_wconf 81' lang='lat' dir='ltr'><strong>prodere</strong></span> <span class='ocrx_word' id='word_1_251' title='bbox 923 3050 1020 3100; x_wconf 91' lang='lat' dir='ltr'><strong>dicunt</strong></span> <span class='ocrx_word' id='word_1_252' title='bbox 1038 3058 1066 3101; x_wconf 93' lang='lat' dir='ltr'><strong>et</strong></span> <span class='ocrx_word' id='word_1_253' title='bbox 1084 3052 1244 3120; x_wconf 75' lang='lat' dir='ltr'><strong>divulgarer</strong></span> <span class='ocrx_word' id='word_1_254' title='bbox 1273 3050 1330 3103; x_wconf 86' lang='lat' dir='ltr'><strong>Cic.</strong></span> <span class='ocrx_word' id='word_1_255' title='bbox 1347 3053 1382 3102; x_wconf 88' lang='lat' dir='ltr'><strong>de</strong></span> <span class='ocrx_word' id='word_1_256' title='bbox 1400 3052 1458 3118; x_wconf 79' lang='lat' dir='ltr'><strong>leg.</strong></span> <span class='ocrx_word' id='word_1_257' title='bbox 1477 3050 1519 3100; x_wconf 82' lang='lat'><strong>111</strong></span> <span class='ocrx_word' id='word_1_258' title='bbox 1537 3050 1596 3115; x_wconf 74' lang='lat'><strong>[20,</strong></span> <span class='ocrx_word' id='word_1_259' title='bbox 1613 3047 1667 3114; x_wconf 61' lang='lat' dir='ltr'><strong>dt]</strong></span> <span class='ocrx_word' id='word_1_260' title='bbox 1686 3048 1787 3099; x_wconf 85' lang='lat' dir='ltr'><strong>edant</strong></span> <span class='ocrx_word' id='word_1_261' title='bbox 1805 3054 1831 3098; x_wconf 84' lang='lat' dir='ltr'><strong>et</strong></span> 
     </span>
     <span class='ocr_line' id='line_1_27' title="bbox 657 3115 1829 3188; baseline -0.003 -20"><span class='ocrx_word' id='word_1_262' title='bbox 657 3126 802 3184; x_wconf 74' lang='lat' dir='ltr'><strong>exponant,</strong></span> <span class='ocrx_word' id='word_1_263' title='bbox 822 3120 886 3184; x_wconf 88' lang='lat' dir='ltr'><strong>quid</strong></span> <span class='ocrx_word' id='word_1_264' title='bbox 904 3119 931 3168; x_wconf 91' lang='lat' dir='ltr'><strong>in</strong></span> <span class='ocrx_word' id='word_1_265' title='bbox 951 3119 1113 3186; x_wconf 80' lang='lat' dir='ltr'><strong>magistratu</strong></span> <span class='ocrx_word' id='word_1_266' title='bbox 1128 3120 1289 3188; x_wconf 79' lang='lat' dir='ltr'><strong>gesserint.“</strong></span> <span class='ocrx_word' id='word_1_267' title='bbox 1312 3147 1338 3157; x_wconf 92' lang='lat'><strong>·-</strong></span> <span class='ocrx_word' id='word_1_268' title='bbox 1360 3135 1448 3186; x_wconf 84' lang='lat' dir='ltr'><strong>super</strong></span> <span class='ocrx_word' id='word_1_269' title='bbox 1464 3119 1619 3169; x_wconf 87' lang='lat' dir='ltr'><strong>mercurium</strong></span> <span class='ocrx_word' id='word_1_270' title='bbox 1637 3115 1707 3166; x_wconf 79' lang='grc' dir='ltr'>Βιιιι.</span> <span class='ocrx_word' id='word_1_271' title='bbox 1726 3141 1760 3153; x_wconf 89' lang='lat'><strong>·-·</strong></span> <span class='ocrx_word' id='word_1_272' title='bbox 1778 3130 1829 3165; x_wconf 80' lang='lat' dir='ltr'><strong>er-</strong></span> 
     </span>
     <span class='ocr_line' id='line_1_28' title="bbox 656 3183 1830 3262; baseline -0.005 -26"><span class='ocrx_word' id='word_1_273' title='bbox 656 3187 786 3238; x_wconf 88' lang='lat' dir='ltr'><strong>istimont</strong></span> <span class='ocrx_word' id='word_1_274' title='bbox 803 3185 885 3262; x_wconf 80' lang='lat' dir='ltr'><strong>Sr-g.</strong></span> <span class='ocrx_word' id='word_1_275' title='bbox 902 3215 935 3224; x_wconf 94' lang='lat'><strong>—</strong></span> <span class='ocrx_word' id='word_1_276' title='bbox 952 3203 969 3235; x_wconf 92' lang='lat' dir='ltr'><strong>a</strong></span> <span class='ocrx_word' id='word_1_277' title='bbox 984 3187 1040 3236; x_wconf 89' lang='lat' dir='ltr'><strong>aeri</strong></span> <span class='ocrx_word' id='word_1_278' title='bbox 1056 3187 1141 3253; x_wconf 84' lang='lat' dir='ltr'><strong>specie</strong></span> <span class='ocrx_word' id='word_1_279' title='bbox 1161 3187 1212 3237; x_wconf 76' lang='lat' dir='ltr'><strong>Re.</strong></span> <span class='ocrx_word' id='word_1_280' title='bbox 1234 3216 1260 3224; x_wconf 98' lang='lat'>-</span> <span class='ocrx_word' id='word_1_281' title='bbox 1282 3187 1379 3239; x_wconf 83' lang='lat' dir='ltr'><strong>isaias</strong></span> <span class='ocrx_word' id='word_1_282' title='bbox 1394 3186 1596 3253; x_wconf 78' lang='lat' dir='ltr'><strong>permutationis</strong></span> <span class='ocrx_word' id='word_1_283' title='bbox 1615 3183 1666 3234; x_wconf 85' lang='lat' dir='ltr'><strong>Rl.</strong></span> <span class='ocrx_word' id='word_1_284' title='bbox 1802 3185 1830 3231; x_wconf 86' lang='grc'><strong>3,</strong></span> 
     </span>
     <span class='ocr_line' id='line_1_29' title="bbox 656 3252 1828 3321; baseline -0.006 -16"><span class='ocrx_word' id='word_1_285' title='bbox 656 3261 736 3305; x_wconf 88' lang='lat' dir='ltr'><strong>tanta</strong></span> <span class='ocrx_word' id='word_1_286' title='bbox 754 3254 950 3319; x_wconf 72' lang='lat' dir='ltr'><strong>differentia</strong></span> <span class='ocrx_word' id='word_1_287' title='bbox 967 3253 989 3302; x_wconf 84' lang='lat' dir='ltr'><strong>F</strong></span> <span class='ocrx_word' id='word_1_288' title='bbox 1004 3254 1041 3314; x_wconf 82' lang='lat' dir='ltr'><strong>(C</strong></span> <span class='ocrx_word' id='word_1_289' title='bbox 1053 3271 1114 3321; x_wconf 91' lang='lat' dir='ltr'><strong>sup.</strong></span> <span class='ocrx_word' id='word_1_290' title='bbox 1134 3256 1175 3306; x_wconf 86' lang='lat' dir='ltr'><strong>aei</strong></span> <span class='ocrx_word' id='word_1_291' title='bbox 1193 3255 1346 3315; x_wconf 84' lang='lat' dir='ltr'><strong>distantia).</strong></span> <span class='ocrx_word' id='word_1_292' title='bbox 1366 3282 1395 3292; x_wconf 90' lang='lat'>-</span> <span class='ocrx_word' id='word_1_293' title='bbox 1416 3254 1551 3305; x_wconf 83' lang='lat' dir='ltr'><strong>duodecim</strong></span> <span class='ocrx_word' id='word_1_294' title='bbox 1569 3252 1647 3302; x_wconf 88' lang='lat' dir='ltr'><strong>annis</strong></span> <span class='ocrx_word' id='word_1_295' title='bbox 1666 3254 1735 3309; x_wconf 85' lang='lat' dir='ltr'><strong>(om.</strong></span> <span class='ocrx_word' id='word_1_296' title='bbox 1753 3255 1828 3308; x_wconf 72' lang='lat' dir='ltr'><strong>amo)</strong></span> 
     </span>
     <span class='ocr_line' id='line_1_30' title="bbox 657 3319 1829 3389; baseline -0.003 -18"><span class='ocrx_word' id='word_1_297' title='bbox 657 3322 712 3371; x_wconf 84' lang='lat' dir='ltr'><strong>Hl.</strong></span> <span class='ocrx_word' id='word_1_298' title='bbox 748 3322 886 3372; x_wconf 88' lang='lat' dir='ltr'><strong>duodecim</strong></span> <span class='ocrx_word' id='word_1_299' title='bbox 903 3337 964 3371; x_wconf 86' lang='lat' dir='ltr'><strong>aero</strong></span> <span class='ocrx_word' id='word_1_300' title='bbox 981 3326 1049 3380; x_wconf 84' lang='lat' dir='ltr'><strong>(om.</strong></span> <span class='ocrx_word' id='word_1_301' title='bbox 1067 3323 1158 3383; x_wconf 88' lang='lat' dir='ltr'><strong>annis)</strong></span> <span class='ocrx_word' id='word_1_302' title='bbox 1176 3320 1198 3372; x_wconf 82' lang='lat' dir='ltr'><strong>F</strong></span> <span class='ocrx_word' id='word_1_303' title='bbox 1216 3322 1254 3384; x_wconf 84' lang='lat' dir='ltr'><strong>(C</strong></span> <span class='ocrx_word' id='word_1_304' title='bbox 1266 3340 1328 3389; x_wconf 89' lang='lat' dir='ltr'><strong>sup.</strong></span> <span class='ocrx_word' id='word_1_305' title='bbox 1341 3326 1371 3374; x_wconf 88' lang='lat' dir='ltr'><strong>s&#39;.</strong></span> <span class='ocrx_word' id='word_1_306' title='bbox 1384 3322 1485 3380; x_wconf 82' lang='lat' dir='ltr'><strong>annis).</strong></span> <span class='ocrx_word' id='word_1_307' title='bbox 1502 3348 1538 3359; x_wconf 92' lang='lat'>-</span> <span class='ocrx_word' id='word_1_308' title='bbox 1557 3319 1658 3369; x_wconf 82' lang='lat' dir='ltr'><strong>Rursus</strong></span> <span class='ocrx_word' id='word_1_309' title='bbox 1677 3323 1784 3366; x_wconf 87' lang='lat' dir='ltr'><strong>tomen</strong></span> <span class='ocrx_word' id='word_1_310' title='bbox 1801 3331 1829 3368; x_wconf 78' lang='lat' dir='ltr'><strong>s.</strong></span> 
     </span>
     <span class='ocr_line' id='line_1_31' title="bbox 656 3384 1707 3456; baseline -0.002 -19"><span class='ocrx_word' id='word_1_311' title='bbox 656 3415 692 3427; x_wconf 86' lang='lat'><em>-</em></span> <span class='ocrx_word' id='word_1_312' title='bbox 710 3405 728 3438; x_wconf 91' lang='lat' dir='ltr'><strong>a</strong></span> <span class='ocrx_word' id='word_1_313' title='bbox 745 3388 822 3438; x_wconf 84' lang='lat' dir='ltr'><strong>iouis</strong></span> <span class='ocrx_word' id='word_1_314' title='bbox 841 3388 934 3438; x_wconf 89' lang='lat' dir='ltr'><strong>martis</strong></span> <span class='ocrx_word' id='word_1_315' title='bbox 952 3404 1029 3454; x_wconf 88' lang='lat' dir='ltr'><strong>spera</strong></span> <span class='ocrx_word' id='word_1_316' title='bbox 1047 3389 1096 3439; x_wconf 85' lang='lat' dir='ltr'><strong>Rt.</strong></span> <span class='ocrx_word' id='word_1_317' title='bbox 1112 3418 1143 3428; x_wconf 93' lang='lat'><em>-</em></span> <span class='ocrx_word' id='word_1_318' title='bbox 1160 3392 1279 3442; x_wconf 87' lang='lat' dir='ltr'><strong>recessit</strong></span> <span class='ocrx_word' id='word_1_319' title='bbox 1297 3390 1369 3441; x_wconf 77' lang='lat' dir='ltr'><strong>Bru.</strong></span> <span class='ocrx_word' id='word_1_320' title='bbox 1386 3393 1575 3456; x_wconf 84' lang='lat' dir='ltr'><strong>-peragret</strong></span> <span class='ocrx_word' id='word_1_321' title='bbox 1593 3384 1707 3435; x_wconf 73' lang='lat' dir='ltr'><strong>uente-</strong></span> 
     </span>
    </p>

    <p class='ocr_par' dir='ltr' id='par_1_6' title="bbox 655 3450 1862 4262">
     <span class='ocr_line' id='line_1_32' title="bbox 657 3450 1829 3532; baseline -0.002 -28"><span class='ocrx_word' id='word_1_322' title='bbox 657 3458 682 3504; x_wconf 55' lang='lat'><strong>4,</strong></span> <span class='ocrx_word' id='word_1_323' title='bbox 717 3460 794 3532; x_wconf 84' lang='lat' dir='ltr'><strong>tanto</strong></span> <span class='ocrx_word' id='word_1_324' title='bbox 811 3455 921 3521; x_wconf 77' lang='lat' dir='ltr'><strong>regione</strong></span> <span class='ocrx_word' id='word_1_325' title='bbox 937 3454 1013 3520; x_wconf 88' lang='lat' dir='ltr'><strong>(sup.</strong></span> <span class='ocrx_word' id='word_1_326' title='bbox 1031 3457 1083 3521; x_wconf 87' lang='lat' dir='ltr'><strong>est)</strong></span> <span class='ocrx_word' id='word_1_327' title='bbox 1101 3456 1151 3507; x_wconf 79' lang='lat' dir='ltr'><strong>R2.</strong></span> <span class='ocrx_word' id='word_1_328' title='bbox 1198 3465 1274 3510; x_wconf 88' lang='lat' dir='ltr'><strong>tanto</strong></span> <span class='ocrx_word' id='word_1_329' title='bbox 1292 3475 1310 3509; x_wconf 91' lang='lat' dir='ltr'><strong>a</strong></span> <span class='ocrx_word' id='word_1_330' title='bbox 1325 3458 1434 3527; x_wconf 84' lang='lat' dir='ltr'><strong>regione</strong></span> <span class='ocrx_word' id='word_1_331' title='bbox 1452 3457 1528 3520; x_wconf 90' lang='lat' dir='ltr'><strong>(sup.</strong></span> <span class='ocrx_word' id='word_1_332' title='bbox 1546 3453 1598 3517; x_wconf 84' lang='lat' dir='ltr'><strong>cst)</strong></span> <span class='ocrx_word' id='word_1_333' title='bbox 1616 3450 1647 3501; x_wconf 72' lang='lat' dir='ltr'><strong>F.</strong></span> <span class='ocrx_word' id='word_1_334' title='bbox 1695 3455 1771 3529; x_wconf 76' lang='lat' dir='ltr'><strong>tanto</strong></span> <span class='ocrx_word' id='word_1_335' title='bbox 1790 3458 1829 3515; x_wconf 79' lang='lat' dir='ltr'><strong>est</strong></span> 
     </span>
     <span class='ocr_line' id='line_1_33' title="bbox 657 3518 1828 3658; baseline 0.001 -22"><span class='ocrx_word' id='word_1_336' title='bbox 657 3518 1828 3658; x_wconf 52' lang='lat' dir='ltr'><strong>tistittte2t’dtttttf&#39;503⁸·,‚t3tt“&#39;:t¹:tttt‘ttt:audititi</strong></span> 
     </span>
     <span class='ocr_line' id='line_1_34' title="bbox 658 3652 1862 3734; baseline -0.001 -29"><span class='ocrx_word' id='word_1_337' title='bbox 658 3654 725 3721; x_wconf 90' lang='lat' dir='ltr'><strong>ptis,</strong></span> <span class='ocrx_word' id='word_1_338' title='bbox 741 3670 812 3734; x_wconf 39' lang='lat' dir='ltr'><strong>q&#39;unc</strong></span> <span class='ocrx_word' id='word_1_339' title='bbox 830 3655 932 3707; x_wconf 87' lang='lat' dir='ltr'><strong>melior</strong></span> <span class='ocrx_word' id='word_1_340' title='bbox 947 3662 997 3709; x_wconf 83' lang='lat' dir='ltr'><strong>est.</strong></span> <span class='ocrx_word' id='word_1_341' title='bbox 1032 3658 1081 3711; x_wconf 86' lang='lat' dir='ltr'><strong>Sic</strong></span> <span class='ocrx_word' id='word_1_342' title='bbox 1096 3676 1156 3726; x_wconf 86' lang='lat' dir='ltr'><strong>cap.</strong></span> <span class='ocrx_word' id='word_1_343' title='bbox 1177 3662 1307 3727; x_wconf 85' lang='lat' dir='ltr'><strong>praeced.</strong></span> <span class='ocrx_word' id='word_1_344' title='bbox 1322 3660 1346 3728; x_wconf 88' lang='lat'><strong>[5</strong></span> <span class='ocrx_word' id='word_1_345' title='bbox 1363 3659 1414 3727; x_wconf 72' lang='lat' dir='ltr'><strong>tu]</strong></span> <span class='ocrx_word' id='word_1_346' title='bbox 1432 3660 1517 3711; x_wconf 81' lang='lat' dir='ltr'><strong>tritus</strong></span> <span class='ocrx_word' id='word_1_347' title='bbox 1534 3657 1621 3725; x_wconf 84' lang='lat' dir='ltr'><strong>signis</strong></span> <span class='ocrx_word' id='word_1_348' title='bbox 1635 3655 1750 3723; x_wconf 85' lang='lat' dir='ltr'><strong>peractis</strong></span> <span class='ocrx_word' id='word_1_349' title='bbox 1768 3652 1787 3704; x_wconf 90' lang='lat' dir='ltr'><strong>i.</strong></span> <span class='ocrx_word' id='word_1_350' title='bbox 1802 3671 1827 3705; x_wconf 89' lang='lat' dir='ltr'><strong>c.</strong></span> <span class='ocrx_word' id='word_1_351' title='bbox 1858 3666 1862 3672; x_wconf 63' lang='lat'><strong><em>⁴</em></strong></span> 
     </span>
     <span class='ocr_line' id='line_1_35' title="bbox 657 3723 1827 3798; baseline 0.001 -24"><span class='ocrx_word' id='word_1_352' title='bbox 657 3740 788 3774; x_wconf 80' lang='lat' dir='ltr'><strong>emensis.</strong></span> <span class='ocrx_word' id='word_1_353' title='bbox 829 3723 948 3789; x_wconf 78' lang='lat' dir='ltr'><strong>Quintil.</strong></span> <span class='ocrx_word' id='word_1_354' title='bbox 971 3726 1043 3776; x_wconf 88' lang='lat' dir='ltr'><strong>deci.</strong></span> <span class='ocrx_word' id='word_1_355' title='bbox 1069 3731 1094 3778; x_wconf 89' lang='grc'><strong>1.</strong></span> <span class='ocrx_word' id='word_1_356' title='bbox 1120 3728 1173 3779; x_wconf 87' lang='lat' dir='ltr'><strong>Nec</strong></span> <span class='ocrx_word' id='word_1_357' title='bbox 1190 3736 1246 3780; x_wconf 90' lang='lat' dir='ltr'><strong>tota</strong></span> <span class='ocrx_word' id='word_1_358' title='bbox 1265 3730 1312 3781; x_wconf 82' lang='lat' dir='ltr'><strong>tibi</strong></span> <span class='ocrx_word' id='word_1_359' title='bbox 1331 3729 1469 3798; x_wconf 86' lang='lat' dir='ltr'><strong>penatium</strong></span> <span class='ocrx_word' id='word_1_360' title='bbox 1487 3742 1564 3777; x_wconf 85' lang='lat' dir='ltr'><strong>sacra</strong></span> <span class='ocrx_word' id='word_1_361' title='bbox 1579 3724 1737 3792; x_wconf 82' lang='lat' dir='ltr'><strong>peragenda</strong></span> <span class='ocrx_word' id='word_1_362' title='bbox 1756 3731 1827 3786; x_wconf 86' lang='lat' dir='ltr'><strong>sunt,</strong></span> 
     </span>
     <span class='ocr_line' id='line_1_36' title="bbox 657 3790 1828 3866; baseline 0.005 -25"><span class='ocrx_word' id='word_1_363' title='bbox 657 3798 685 3841; x_wconf 89' lang='lat' dir='ltr'><strong>et</strong></span> <span class='ocrx_word' id='word_1_364' title='bbox 704 3790 785 3842; x_wconf 88' lang='lat' dir='ltr'><strong>0vid.</strong></span> <span class='ocrx_word' id='word_1_365' title='bbox 805 3790 882 3857; x_wconf 87' lang='lat' dir='ltr'><strong>[Met.</strong></span> <span class='ocrx_word' id='word_1_366' title='bbox 902 3791 983 3859; x_wconf 71' lang='lat' dir='ltr'><strong>ultr,</strong></span> <span class='ocrx_word' id='word_1_367' title='bbox 1002 3794 1073 3861; x_wconf 73' lang='lat' dir='ltr'><strong>olo]</strong></span> <span class='ocrx_word' id='word_1_368' title='bbox 1095 3812 1152 3845; x_wconf 88' lang='lat' dir='ltr'><strong>cum</strong></span> <span class='ocrx_word' id='word_1_369' title='bbox 1170 3798 1209 3847; x_wconf 86' lang='lat' dir='ltr'><strong>sot</strong></span> <span class='ocrx_word' id='word_1_370' title='bbox 1225 3797 1348 3848; x_wconf 88' lang='lat' dir='ltr'><strong>duodena</strong></span> <span class='ocrx_word' id='word_1_371' title='bbox 1363 3813 1425 3866; x_wconf 87' lang='lat' dir='ltr'><strong>perc</strong></span> <span class='ocrx_word' id='word_1_372' title='bbox 1448 3796 1468 3848; x_wconf 90' lang='lat' dir='ltr'><strong>it</strong></span> <span class='ocrx_word' id='word_1_373' title='bbox 1487 3795 1597 3862; x_wconf 85' lang='lat' dir='ltr'><strong>signa.“</strong></span> <span class='ocrx_word' id='word_1_374' title='bbox 1619 3791 1704 3842; x_wconf 84' lang='lat' dir='ltr'><strong>Gran.</strong></span> <span class='ocrx_word' id='word_1_375' title='bbox 1725 3820 1760 3830; x_wconf 95' lang='lat'><em>-</em></span> <span class='ocrx_word' id='word_1_376' title='bbox 1777 3793 1828 3854; x_wconf 60' lang='lat' dir='ltr'><strong>,Ita</strong></span> 
     </span>
     <span class='ocr_line' id='line_1_37' title="bbox 655 3858 1827 3921; baseline 0.001 -12"><span class='ocrx_word' id='word_1_377' title='bbox 655 3875 716 3909; x_wconf 87' lang='lat' dir='ltr'><strong>vero</strong></span> <span class='ocrx_word' id='word_1_378' title='bbox 735 3860 788 3910; x_wconf 90' lang='lat' dir='ltr'><strong>iam</strong></span> <span class='ocrx_word' id='word_1_379' title='bbox 803 3860 855 3910; x_wconf 79' lang='lat' dir='ltr'><strong>Re.</strong></span> <span class='ocrx_word' id='word_1_380' title='bbox 901 3878 967 3911; x_wconf 89' lang='lat' dir='ltr'><strong>nam</strong></span> <span class='ocrx_word' id='word_1_381' title='bbox 984 3879 1045 3913; x_wconf 87' lang='lat' dir='ltr'><strong>aero</strong></span> <span class='ocrx_word' id='word_1_382' title='bbox 1063 3861 1190 3914; x_wconf 75' lang='lat' dir='ltr'><strong>itatius.</strong></span> <span class='ocrx_word' id='word_1_383' title='bbox 1213 3891 1246 3902; x_wconf 97' lang='lat'>—</span> <span class='ocrx_word' id='word_1_384' title='bbox 1269 3866 1347 3918; x_wconf 83' lang='lat' dir='ltr'><strong>steila</strong></span> <span class='ocrx_word' id='word_1_385' title='bbox 1363 3875 1401 3917; x_wconf 90' lang='lat' dir='ltr'><strong>est</strong></span> <span class='ocrx_word' id='word_1_386' title='bbox 1439 3900 1446 3914; x_wconf 90' lang='lat'><strong>.</strong></span> <span class='ocrx_word' id='word_1_387' title='bbox 1494 3863 1571 3915; x_wconf 81' lang='lat' dir='ltr'><strong>steila</strong></span> <span class='ocrx_word' id='word_1_388' title='bbox 1588 3867 1656 3921; x_wconf 85' lang='lat' dir='ltr'><strong>(om.</strong></span> <span class='ocrx_word' id='word_1_389' title='bbox 1675 3865 1726 3919; x_wconf 83' lang='lat' dir='ltr'><strong>est)</strong></span> <span class='ocrx_word' id='word_1_390' title='bbox 1745 3858 1773 3909; x_wconf 88' lang='lat' dir='ltr'><strong>S.</strong></span> <span class='ocrx_word' id='word_1_391' title='bbox 1792 3886 1827 3895; x_wconf 92' lang='lat'>—</span> 
     </span>
     <span class='ocr_line' id='line_1_38' title="bbox 656 3927 1823 3996; baseline 0.001 -20"><span class='ocrx_word' id='word_1_392' title='bbox 656 3935 681 3977; x_wconf 91' lang='lat' dir='ltr'><strong>et</strong></span> <span class='ocrx_word' id='word_1_393' title='bbox 705 3927 834 3978; x_wconf 87' lang='lat' dir='ltr'><strong>Mercurio</strong></span> <span class='ocrx_word' id='word_1_394' title='bbox 857 3945 911 3978; x_wconf 87' lang='lat' dir='ltr'><strong>om.</strong></span> <span class='ocrx_word' id='word_1_395' title='bbox 933 3927 1005 3979; x_wconf 74' lang='lat' dir='ltr'><strong>Bar.</strong></span> <span class='ocrx_word' id='word_1_396' title='bbox 1029 3958 1061 3967; x_wconf 81' lang='lat'><strong>-·</strong></span> <span class='ocrx_word' id='word_1_397' title='bbox 1084 3932 1186 3985; x_wconf 73' lang='lat' dir='ltr'><strong>caedum</strong></span> <span class='ocrx_word' id='word_1_398' title='bbox 1209 3932 1279 3994; x_wconf 90' lang='lat' dir='ltr'><strong>(om.</strong></span> <span class='ocrx_word' id='word_1_399' title='bbox 1300 3936 1390 3996; x_wconf 85' lang='lat' dir='ltr'><strong>suum)</strong></span> <span class='ocrx_word' id='word_1_400' title='bbox 1413 3932 1443 3982; x_wconf 85' lang='lat' dir='ltr'><strong>C.</strong></span> <span class='ocrx_word' id='word_1_401' title='bbox 1470 3960 1498 3969; x_wconf 94' lang='lat'>-</span> <span class='ocrx_word' id='word_1_402' title='bbox 1521 3932 1669 3982; x_wconf 87' lang='lat' dir='ltr'><strong>circueant</strong></span> <span class='ocrx_word' id='word_1_403' title='bbox 1691 3927 1769 3978; x_wconf 77' lang='lat' dir='ltr'><strong>Bru.</strong></span> <span class='ocrx_word' id='word_1_404' title='bbox 1795 3954 1823 3964; x_wconf 94' lang='lat'>-</span> 
     </span>
     <span class='ocr_line' id='line_1_39' title="bbox 657 3994 1823 4068; baseline 0 -25"><span class='ocrx_word' id='word_1_405' title='bbox 657 3994 718 4045; x_wconf 83' lang='lat' dir='ltr'><strong>ideo</strong></span> <span class='ocrx_word' id='word_1_406' title='bbox 738 4002 762 4046; x_wconf 91' lang='lat' dir='ltr'><strong>et</strong></span> <span class='ocrx_word' id='word_1_407' title='bbox 783 3994 1058 4062; x_wconf 77' lang='lat' dir='ltr'><strong>Mss.v-g&#39;an.Bnrs.</strong></span> <span class='ocrx_word' id='word_1_408' title='bbox 1078 4014 1153 4059; x_wconf 92' lang='lat' dir='ltr'><strong>„nun</strong></span> <span class='ocrx_word' id='word_1_409' title='bbox 1172 4000 1246 4049; x_wconf 84' lang='lat' dir='ltr'><strong>maie</strong></span> <span class='ocrx_word' id='word_1_410' title='bbox 1262 4002 1391 4068; x_wconf 85' lang='lat' dir='ltr'><strong>scripti.“</strong></span> <span class='ocrx_word' id='word_1_411' title='bbox 1414 4000 1500 4050; x_wconf 82' lang='lat' dir='ltr'><strong>Gran.</strong></span> <span class='ocrx_word' id='word_1_412' title='bbox 1543 3996 1652 4063; x_wconf 82' lang='lat' dir='ltr'><strong>igitur</strong></span> <span class='ocrx_word' id='word_1_413' title='bbox 1669 4002 1693 4045; x_wconf 89' lang='lat' dir='ltr'><strong>et</strong></span> <span class='ocrx_word' id='word_1_414' title='bbox 1714 3994 1770 4043; x_wconf 90' lang='lat' dir='ltr'><strong>s·b.</strong></span> <span class='ocrx_word' id='word_1_415' title='bbox 1795 4021 1823 4031; x_wconf 94' lang='lat'>-</span> 
     </span>
     <span class='ocr_line' id='line_1_40' title="bbox 656 4060 1825 4131; baseline -0.005 -20"><span class='ocrx_word' id='word_1_416' title='bbox 656 4062 768 4127; x_wconf 86' lang='lat' dir='ltr'><strong>comites]</strong></span> <span class='ocrx_word' id='word_1_417' title='bbox 793 4062 889 4113; x_wconf 88' lang='lat' dir='ltr'><strong>Somn.</strong></span> <span class='ocrx_word' id='word_1_418' title='bbox 910 4062 958 4125; x_wconf 81' lang='lat' dir='ltr'><strong>w,</strong></span> <span class='ocrx_word' id='word_1_419' title='bbox 981 4067 1006 4112; x_wconf 83' lang='lat'><strong>2.</strong></span> <span class='ocrx_word' id='word_1_420' title='bbox 1030 4090 1064 4100; x_wconf 95' lang='lat'><em>-</em></span> <span class='ocrx_word' id='word_1_421' title='bbox 1083 4066 1147 4131; x_wconf 86' lang='lat' dir='ltr'><strong>pari</strong></span> <span class='ocrx_word' id='word_1_422' title='bbox 1165 4080 1219 4114; x_wconf 88' lang='lat' dir='ltr'><strong>orn.</strong></span> <span class='ocrx_word' id='word_1_423' title='bbox 1239 4065 1271 4116; x_wconf 76' lang='lat' dir='ltr'><strong>F.</strong></span> <span class='ocrx_word' id='word_1_424' title='bbox 1424 4069 1451 4115; x_wconf 83' lang='lat'><strong>5.</strong></span> <span class='ocrx_word' id='word_1_425' title='bbox 1487 4065 1520 4114; x_wconf 81' lang='lat' dir='ltr'><strong>ab</strong></span> <span class='ocrx_word' id='word_1_426' title='bbox 1539 4064 1700 4113; x_wconf 76' lang='lat' dir='ltr'><strong>distantum</strong></span> <span class='ocrx_word' id='word_1_427' title='bbox 1718 4060 1769 4107; x_wconf 78' lang='lat' dir='ltr'><strong>Rr.</strong></span> <span class='ocrx_word' id='word_1_428' title='bbox 1791 4084 1825 4097; x_wconf 71' lang='grc' dir='ltr'><strong>ι-</strong></span> 
     </span>
     <span class='ocr_line' id='line_1_41' title="bbox 655 4126 1825 4197; baseline -0.007 -18"><span class='ocrx_word' id='word_1_429' title='bbox 655 4145 779 4180; x_wconf 89' lang='lat' dir='ltr'><strong>seorsum</strong></span> <span class='ocrx_word' id='word_1_430' title='bbox 798 4131 850 4179; x_wconf 86' lang='lat'><strong>111.</strong></span> <span class='ocrx_word' id='word_1_431' title='bbox 874 4157 901 4166; x_wconf 92' lang='lat'>-</span> <span class='ocrx_word' id='word_1_432' title='bbox 921 4130 1026 4180; x_wconf 84' lang='lat' dir='ltr'><strong>recessit</strong></span> <span class='ocrx_word' id='word_1_433' title='bbox 1046 4128 1186 4195; x_wconf 75' lang='lat' dir='ltr'><strong>Mans-gb</strong></span> <span class='ocrx_word' id='word_1_434' title='bbox 1204 4132 1328 4197; x_wconf 75' lang='lat' dir='ltr'><strong>„Angi.“</strong></span> <span class='ocrx_word' id='word_1_435' title='bbox 1349 4129 1489 4195; x_wconf 87' lang='lat' dir='ltr'><strong>„scripti“</strong></span> <span class='ocrx_word' id='word_1_436' title='bbox 1507 4129 1592 4178; x_wconf 85' lang='lat' dir='ltr'><strong>Gron.</strong></span> <span class='ocrx_word' id='word_1_437' title='bbox 1629 4126 1746 4187; x_wconf 83' lang='lat' dir='ltr'><strong>„Recto,</strong></span> <span class='ocrx_word' id='word_1_438' title='bbox 1762 4139 1825 4173; x_wconf 90' lang='lat' dir='ltr'><strong>cum</strong></span> 
     </span>
     <span class='ocr_line' id='line_1_42' title="bbox 655 4188 1825 4262; baseline -0.007 -15"><span class='ocrx_word' id='word_1_439' title='bbox 655 4198 740 4262; x_wconf 81' lang='lat' dir='ltr'><strong>poulo</strong></span> <span class='ocrx_word' id='word_1_440' title='bbox 762 4203 826 4262; x_wconf 89' lang='lat' dir='ltr'><strong>post</strong></span> <span class='ocrx_word' id='word_1_441' title='bbox 848 4195 888 4262; x_wconf 83' lang='lat'><strong>[55</strong></span> <span class='ocrx_word' id='word_1_442' title='bbox 905 4198 923 4244; x_wconf 77' lang='lat'>5</span> <span class='ocrx_word' id='word_1_443' title='bbox 942 4194 1091 4260; x_wconf 81' lang='lat' dir='ltr'><strong>et15.]&#39;in</strong></span> <span class='ocrx_word' id='word_1_444' title='bbox 1110 4197 1209 4248; x_wconf 87' lang='lat' dir='ltr'><strong>eudem</strong></span> <span class='ocrx_word' id='word_1_445' title='bbox 1227 4212 1257 4248; x_wconf 87' lang='lat' dir='ltr'><strong>re</strong></span> <span class='ocrx_word' id='word_1_446' title='bbox 1276 4197 1436 4258; x_wconf 72' lang='lat' dir='ltr'><strong>Macrotdus</strong></span> <span class='ocrx_word' id='word_1_447' title='bbox 1455 4200 1551 4245; x_wconf 80' lang='lat' dir='ltr'><strong>utatur</strong></span> <span class='ocrx_word' id='word_1_448' title='bbox 1568 4188 1722 4258; x_wconf 71' lang='lat' dir='ltr'><strong>praeterito</strong></span> <span class='ocrx_word' id='word_1_449' title='bbox 1739 4204 1825 4239; x_wconf 85' lang='lat' dir='ltr'><strong>reces-</strong></span> 
     </span>
    </p>
   </div>
   <div class='ocr_carea' id='block_1_6' title="bbox 617 4354 1825 5311">
    <p class='ocr_par' dir='ltr' id='par_1_7' title="bbox 617 4354 1825 4499">
     <span class='ocr_line' id='line_1_43' title="bbox 655 4354 1823 4448; baseline -0.006 -34"><span class='ocrx_word' id='word_1_450' title='bbox 655 4364 734 4448; x_wconf 83' lang='lat' dir='ltr'><strong>ponit</strong></span> <span class='ocrx_word' id='word_1_451' title='bbox 746 4361 918 4412; x_wconf 88' lang='lat' dir='ltr'><strong>Mercurium</strong></span> <span class='ocrx_word' id='word_1_452' title='bbox 934 4354 1010 4425; x_wconf 78' lang='grc' dir='ltr'>ἥλιός</span> <span class='ocrx_word' id='word_1_453' title='bbox 1025 4377 1054 4412; x_wconf 83' lang='grc' dir='ltr'><strong>τε</strong></span> <span class='ocrx_word' id='word_1_454' title='bbox 1069 4360 1118 4413; x_wconf 79' lang='lat' dir='ltr'><strong>nat</strong></span> <span class='ocrx_word' id='word_1_455' title='bbox 1133 4357 1149 4413; x_wconf 86' lang='lat' dir='ltr'><strong>d</strong></span> <span class='ocrx_word' id='word_1_456' title='bbox 1164 4364 1216 4415; x_wconf 73' lang='lat' dir='ltr'><strong>coir</strong></span> <span class='ocrx_word' id='word_1_457' title='bbox 1299 4368 1324 4414; x_wconf 76' lang='lat'><strong>5.</strong></span> <span class='ocrx_word' id='word_1_458' title='bbox 1359 4362 1478 4423; x_wconf 85' lang='lat' dir='ltr'><strong>recessit,</strong></span> <span class='ocrx_word' id='word_1_459' title='bbox 1500 4368 1591 4413; x_wconf 85' lang='lat' dir='ltr'><strong>ut-...</strong></span> <span class='ocrx_word' id='word_1_460' title='bbox 1609 4356 1741 4424; x_wconf 81' lang='lat' dir='ltr'><strong>conficiat]</strong></span> <span class='ocrx_word' id='word_1_461' title='bbox 1763 4354 1823 4407; x_wconf 86' lang='lat' dir='ltr'><strong>Non</strong></span> 
     </span>
     <span class='ocr_line' id='line_1_44' title="bbox 617 4423 1825 4499; baseline -0.006 -17"><span class='ocrx_word' id='word_1_462' title='bbox 617 4436 619 4440; x_wconf 81' lang='grc'>’</span> <span class='ocrx_word' id='word_1_463' title='bbox 659 4427 756 4496; x_wconf 80' lang='grc' dir='ltr'><strong>Ερμοῦ</strong></span> <span class='ocrx_word' id='word_1_464' title='bbox 774 4424 823 4475; x_wconf 83' lang='lat' dir='ltr'><strong>nui</strong></span> <span class='ocrx_word' id='word_1_465' title='bbox 846 4423 998 4493; x_wconf 71' lang='lat' dir='ltr'><strong>ternicos-</strong></span> <span class='ocrx_word' id='word_1_466' title='bbox 1264 4430 1406 4499; x_wconf 82' lang='lat' dir='ltr'><strong>negiexit,</strong></span> <span class='ocrx_word' id='word_1_467' title='bbox 1428 4436 1459 4479; x_wconf 89' lang='lat' dir='ltr'><strong>ut</strong></span> <span class='ocrx_word' id='word_1_468' title='bbox 1476 4430 1538 4479; x_wconf 85' lang='lat' dir='ltr'><strong>vuit</strong></span> <span class='ocrx_word' id='word_1_469' title='bbox 1557 4427 1693 4489; x_wconf 73' lang='lat' dir='ltr'><strong>uenatus,</strong></span> <span class='ocrx_word' id='word_1_470' title='bbox 1713 4425 1825 4476; x_wconf 76' lang='lat' dir='ltr'><strong>diecto-</strong></span> 
     </span>
    </p>

    <p class='ocr_par' dir='ltr' id='par_1_8' title="bbox 654 4492 1825 5311">
     <span class='ocr_line' id='line_1_45' title="bbox 689 4492 1825 4563; baseline -0.001 -19"><span class='ocrx_word' id='word_1_471' title='bbox 689 4504 716 4548; x_wconf 77' lang='lat'><strong>3.</strong></span> <span class='ocrx_word' id='word_1_472' title='bbox 750 4492 876 4558; x_wconf 80' lang='lat' dir='ltr'><strong>subiecta]</strong></span> <span class='ocrx_word' id='word_1_473' title='bbox 903 4494 958 4555; x_wconf 64' lang='lat' dir='ltr'><strong>„ii</strong></span> <span class='ocrx_word' id='word_1_474' title='bbox 977 4511 1000 4545; x_wconf 86' lang='lat' dir='ltr'><strong>e.</strong></span> <span class='ocrx_word' id='word_1_475' title='bbox 1026 4495 1147 4563; x_wconf 78' lang='lat' dir='ltr'><strong>sphaere</strong></span> <span class='ocrx_word' id='word_1_476' title='bbox 1168 4497 1215 4547; x_wconf 86' lang='lat' dir='ltr'><strong>lo·</strong></span> <span class='ocrx_word' id='word_1_477' title='bbox 1264 4501 1328 4551; x_wconf 88' lang='lat' dir='ltr'><strong>bins</strong></span> <span class='ocrx_word' id='word_1_478' title='bbox 1346 4504 1501 4563; x_wconf 82' lang='lat' dir='ltr'><strong>temporum</strong></span> <span class='ocrx_word' id='word_1_479' title='bbox 1517 4495 1756 4556; x_wconf 70' lang='lat' dir='ltr'><strong>consecutionem</strong></span> <span class='ocrx_word' id='word_1_480' title='bbox 1775 4494 1825 4544; x_wconf 87' lang='lat' dir='ltr'><strong>sed</strong></span> 
     </span>
     <span class='ocr_line' id='line_1_46' title="bbox 654 4559 1825 4627; baseline -0.004 -9"><span class='ocrx_word' id='word_1_481' title='bbox 654 4566 711 4626; x_wconf 84' lang='lat' dir='ltr'><strong>vis,</strong></span> <span class='ocrx_word' id='word_1_482' title='bbox 755 4576 826 4627; x_wconf 84' lang='lat' dir='ltr'><strong>quae</strong></span> <span class='ocrx_word' id='word_1_483' title='bbox 867 4567 910 4609; x_wconf 90' lang='lat' dir='ltr'><strong>cst</strong></span> <span class='ocrx_word' id='word_1_484' title='bbox 947 4559 1065 4613; x_wconf 79' lang='lat' dir='ltr'><strong>inferior</strong></span> <span class='ocrx_word' id='word_1_485' title='bbox 1100 4563 1214 4616; x_wconf 83' lang='lat' dir='ltr'><strong>Saturni</strong></span> <span class='ocrx_word' id='word_1_486' title='bbox 1265 4584 1328 4619; x_wconf 89' lang='lat' dir='ltr'><strong>cum</strong></span> <span class='ocrx_word' id='word_1_487' title='bbox 1347 4566 1452 4616; x_wconf 88' lang='lat' dir='ltr'><strong>recessit</strong></span> <span class='ocrx_word' id='word_1_488' title='bbox 1470 4564 1503 4624; x_wconf 81' lang='lat' dir='ltr'><strong>(i.</strong></span> <span class='ocrx_word' id='word_1_489' title='bbox 1521 4582 1545 4615; x_wconf 86' lang='lat' dir='ltr'><strong>e.</strong></span> <span class='ocrx_word' id='word_1_490' title='bbox 1565 4571 1670 4616; x_wconf 86' lang='lat' dir='ltr'><strong>remota</strong></span> <span class='ocrx_word' id='word_1_491' title='bbox 1689 4566 1761 4622; x_wconf 83' lang='lat' dir='ltr'><strong>est),</strong></span> <span class='ocrx_word' id='word_1_492' title='bbox 1793 4567 1825 4613; x_wconf 89' lang='lat' dir='ltr'><strong>ut</strong></span> 
     </span>
     <span class='ocr_line' id='line_1_47' title="bbox 655 4627 1824 4700; baseline 0.002 -22"><span class='ocrx_word' id='word_1_493' title='bbox 655 4634 786 4700; x_wconf 62' lang='lat' dir='ltr'><strong>sphaera.</strong></span> <span class='ocrx_word' id='word_1_494' title='bbox 825 4628 866 4677; x_wconf 78' lang='lat' dir='ltr'><strong>nb</strong></span> <span class='ocrx_word' id='word_1_495' title='bbox 889 4627 971 4679; x_wconf 87' lang='lat' dir='ltr'><strong>initio</strong></span> <span class='ocrx_word' id='word_1_496' title='bbox 994 4631 1127 4695; x_wconf 79' lang='lat' dir='ltr'><strong>putabam</strong></span> <span class='ocrx_word' id='word_1_497' title='bbox 1152 4649 1215 4683; x_wconf 89' lang='lat' dir='ltr'><strong>cor·</strong></span> <span class='ocrx_word' id='word_1_498' title='bbox 1263 4650 1361 4686; x_wconf 87' lang='lat' dir='ltr'><strong>verum</strong></span> <span class='ocrx_word' id='word_1_499' title='bbox 1385 4633 1554 4699; x_wconf 76' lang='lat' dir='ltr'><strong>perfectum,</strong></span> <span class='ocrx_word' id='word_1_500' title='bbox 1589 4632 1824 4697; x_wconf 77' lang='lat' dir='ltr'><strong>adpraesentent</strong></span> 
     </span>
     <span class='ocr_line' id='line_1_48' title="bbox 654 4696 1824 4768; baseline -0.002 -16"><span class='ocrx_word' id='word_1_501' title='bbox 654 4701 802 4768; x_wconf 85' lang='lat' dir='ltr'><strong>rigendum</strong></span> <span class='ocrx_word' id='word_1_502' title='bbox 822 4696 946 4760; x_wconf 83' lang='lat' dir='ltr'><strong>inferior,</strong></span> <span class='ocrx_word' id='word_1_503' title='bbox 976 4714 1030 4762; x_wconf 91' lang='lat' dir='ltr'><strong>quo</strong></span> <span class='ocrx_word' id='word_1_504' title='bbox 1049 4698 1149 4750; x_wconf 89' lang='lat' dir='ltr'><strong>rneiius</strong></span> <span class='ocrx_word' id='word_1_505' title='bbox 1169 4717 1214 4750; x_wconf 87' lang='lat' dir='ltr'><strong>re·</strong></span> <span class='ocrx_word' id='word_1_506' title='bbox 1264 4718 1358 4753; x_wconf 83' lang='lat' dir='ltr'><strong>rorum</strong></span> <span class='ocrx_word' id='word_1_507' title='bbox 1378 4706 1482 4751; x_wconf 85' lang='lat' dir='ltr'><strong>statum</strong></span> <span class='ocrx_word' id='word_1_508' title='bbox 1503 4700 1655 4761; x_wconf 77' lang='lat' dir='ltr'><strong>referatur,</strong></span> <span class='ocrx_word' id='word_1_509' title='bbox 1685 4702 1760 4748; x_wconf 88' lang='lat' dir='ltr'><strong>recte</strong></span> <span class='ocrx_word' id='word_1_510' title='bbox 1778 4715 1824 4750; x_wconf 88' lang='lat' dir='ltr'><strong>se-</strong></span> 
     </span>
     <span class='ocr_line' id='line_1_49' title="bbox 655 4765 1823 4836; baseline -0.003 -15"><span class='ocrx_word' id='word_1_511' title='bbox 655 4770 805 4835; x_wconf 81' lang='lat' dir='ltr'><strong>sponderet</strong></span> <span class='ocrx_word' id='word_1_512' title='bbox 819 4765 996 4830; x_wconf 84' lang='lat' dir='ltr'><strong>praecedenti</strong></span> <span class='ocrx_word' id='word_1_513' title='bbox 1010 4768 1135 4835; x_wconf 86' lang='lat' dir='ltr'><strong>superior.</strong></span> <span class='ocrx_word' id='word_1_514' title='bbox 1163 4768 1221 4829; x_wconf 48' lang='lat' dir='ltr'><strong>Ver</strong></span> <span class='ocrx_word' id='word_1_515' title='bbox 1264 4769 1655 4836; x_wconf 76' lang='lat' dir='ltr'><strong>quiturpreesensconjiciut.</strong></span> <span class='ocrx_word' id='word_1_516' title='bbox 1691 4766 1823 4818; x_wconf 89' lang='lat' dir='ltr'><strong>ldunum</strong></span> 
     </span>
     <span class='ocr_line' id='line_1_50' title="bbox 655 4834 1824 4902; baseline -0.002 -15"><span class='ocrx_word' id='word_1_517' title='bbox 655 4855 716 4887; x_wconf 89' lang='lat' dir='ltr'><strong>rum</strong></span> <span class='ocrx_word' id='word_1_518' title='bbox 744 4840 924 4901; x_wconf 79' lang='lat' dir='ltr'><strong>posteaquam</strong></span> <span class='ocrx_word' id='word_1_519' title='bbox 953 4834 1011 4883; x_wconf 86' lang='lat' dir='ltr'><strong>vidi</strong></span> <span class='ocrx_word' id='word_1_520' title='bbox 1040 4835 1123 4899; x_wconf 85' lang='lat' dir='ltr'><strong>paulo</strong></span> <span class='ocrx_word' id='word_1_521' title='bbox 1150 4842 1215 4902; x_wconf 87' lang='lat' dir='ltr'><strong>post</strong></span> <span class='ocrx_word' id='word_1_522' title='bbox 1263 4838 1408 4890; x_wconf 82' lang='lat' dir='ltr'><strong>offendere</strong></span> <span class='ocrx_word' id='word_1_523' title='bbox 1427 4836 1530 4902; x_wconf 89' lang='lat' dir='ltr'><strong>possit,</strong></span> <span class='ocrx_word' id='word_1_524' title='bbox 1552 4837 1625 4902; x_wconf 93' lang='lat' dir='ltr'><strong>quod</strong></span> <span class='ocrx_word' id='word_1_525' title='bbox 1645 4836 1658 4901; x_wconf 83' lang='lat'><strong>5</strong></span> <span class='ocrx_word' id='word_1_526' title='bbox 1677 4839 1703 4885; x_wconf 81' lang='lat'><strong>3.</strong></span> <span class='ocrx_word' id='word_1_527' title='bbox 1723 4835 1758 4886; x_wconf 89' lang='lat' dir='ltr'><strong>dc</strong></span> <span class='ocrx_word' id='word_1_528' title='bbox 1777 4850 1824 4885; x_wconf 87' lang='lat' dir='ltr'><strong>eu-</strong></span> 
     </span>
     <span class='ocr_line' id='line_1_51' title="bbox 656 4900 1824 4972; baseline -0.002 -16"><span class='ocrx_word' id='word_1_529' title='bbox 656 4904 733 4969; x_wconf 88' lang='lat' dir='ltr'><strong>sequi</strong></span> <span class='ocrx_word' id='word_1_530' title='bbox 748 4902 872 4967; x_wconf 80' lang='lat' dir='ltr'><strong>inferior,</strong></span> <span class='ocrx_word' id='word_1_531' title='bbox 889 4900 1017 4952; x_wconf 83' lang='lat' dir='ltr'><strong>intellexi</strong></span> <span class='ocrx_word' id='word_1_532' title='bbox 1031 4903 1214 4967; x_wconf 86' lang='lat' dir='ltr'><strong>Macrobium,</strong></span> <span class='ocrx_word' id='word_1_533' title='bbox 1267 4908 1330 4957; x_wconf 88' lang='lat' dir='ltr'><strong>dem</strong></span> <span class='ocrx_word' id='word_1_534' title='bbox 1359 4922 1389 4955; x_wconf 84' lang='lat' dir='ltr'><strong>rc</strong></span> <span class='ocrx_word' id='word_1_535' title='bbox 1417 4904 1524 4972; x_wconf 85' lang='lat' dir='ltr'><strong>iegitur</strong></span> <span class='ocrx_word' id='word_1_536' title='bbox 1550 4920 1683 4971; x_wconf 85' lang='lat' dir='ltr'><strong>praesens</strong></span> <span class='ocrx_word' id='word_1_537' title='bbox 1712 4904 1824 4964; x_wconf 77' lang='lat' dir='ltr'><strong>recedit3</strong></span> 
     </span>
     <span class='ocr_line' id='line_1_52' title="bbox 654 4968 1825 5108; baseline -0.002 -18"><span class='ocrx_word' id='word_1_538' title='bbox 654 4968 1215 5105; x_wconf 60' lang='lat' dir='ltr'><strong>tttgttttt‘ttssnttt&#39;tffttttttt‘’</strong></span> <span class='ocrx_word' id='word_1_539' title='bbox 1265 4974 1348 5107; x_wconf 67' lang='lat' dir='ltr'><strong>iiii,</strong></span> <span class='ocrx_word' id='word_1_540' title='bbox 1356 4970 1411 5092; x_wconf 62' lang='lat'><strong>‘21³¹&#39;</strong></span> <span class='ocrx_word' id='word_1_541' title='bbox 1411 4989 1448 5091; x_wconf 69' lang='lat' dir='ltr'><strong>t?</strong></span> <span class='ocrx_word' id='word_1_542' title='bbox 1458 4970 1711 5108; x_wconf 59' lang='lat' dir='ltr'><strong>diritati?</strong></span> <span class='ocrx_word' id='word_1_543' title='bbox 1720 4976 1825 5089; x_wconf 68' lang='lat' dir='ltr'><strong>d‘ii‘</strong></span> 
     </span>
     <span class='ocr_line' id='line_1_53' title="bbox 655 5103 1823 5175; baseline -0.003 -19"><span class='ocrx_word' id='word_1_544' title='bbox 655 5108 702 5157; x_wconf 89' lang='lat' dir='ltr'><strong>det</strong></span> <span class='ocrx_word' id='word_1_545' title='bbox 735 5103 891 5158; x_wconf 81' lang='lat' dir='ltr'><strong>orationem</strong></span> <span class='ocrx_word' id='word_1_546' title='bbox 927 5105 1053 5171; x_wconf 84' lang='lat' dir='ltr'><strong>variare,</strong></span> <span class='ocrx_word' id='word_1_547' title='bbox 1099 5110 1216 5161; x_wconf 79' lang='lat' dir='ltr'><strong>subiecta</strong></span> <span class='ocrx_word' id='word_1_548' title='bbox 1266 5111 1329 5160; x_wconf 89' lang='lat' dir='ltr'><strong>dem</strong></span> <span class='ocrx_word' id='word_1_549' title='bbox 1360 5126 1391 5159; x_wconf 84' lang='lat' dir='ltr'><strong>re</strong></span> <span class='ocrx_word' id='word_1_550' title='bbox 1419 5109 1501 5159; x_wconf 89' lang='lat' dir='ltr'><strong>modo</strong></span> <span class='ocrx_word' id='word_1_551' title='bbox 1533 5126 1669 5175; x_wconf 82' lang='lat' dir='ltr'><strong>praesens</strong></span> <span class='ocrx_word' id='word_1_552' title='bbox 1703 5112 1823 5169; x_wconf 84' lang='lat' dir='ltr'><strong>tempus,</strong></span> 
     </span>
     <span class='ocr_line' id='line_1_54' title="bbox 655 5173 1823 5250; baseline 0 -27"><span class='ocrx_word' id='word_1_553' title='bbox 655 5190 735 5225; x_wconf 92' lang='lat' dir='ltr'><strong>usum</strong></span> <span class='ocrx_word' id='word_1_554' title='bbox 754 5188 830 5250; x_wconf 67' lang='lat' dir='ltr'><strong>csse,</strong></span> <span class='ocrx_word' id='word_1_555' title='bbox 854 5174 885 5220; x_wconf 93' lang='lat' dir='ltr'><strong>ut</strong></span> <span class='ocrx_word' id='word_1_556' title='bbox 903 5179 1001 5236; x_wconf 82' lang='lat' dir='ltr'><strong>postea</strong></span> <span class='ocrx_word' id='word_1_557' title='bbox 1019 5182 1116 5241; x_wconf 84' lang='lat' dir='ltr'><strong>posset</strong></span> <span class='ocrx_word' id='word_1_558' title='bbox 1133 5176 1216 5230; x_wconf 83' lang='lat' dir='ltr'><strong>adiri·</strong></span> <span class='ocrx_word' id='word_1_559' title='bbox 1266 5177 1349 5228; x_wconf 87' lang='lat' dir='ltr'><strong>modo</strong></span> <span class='ocrx_word' id='word_1_560' title='bbox 1370 5176 1527 5243; x_wconf 76' lang='lat' dir='ltr'><strong>perfeetum</strong></span> <span class='ocrx_word' id='word_1_561' title='bbox 1551 5181 1711 5243; x_wconf 85' lang='lat' dir='ltr'><strong>usrrrpatur.</strong></span> <span class='ocrx_word' id='word_1_562' title='bbox 1746 5173 1823 5239; x_wconf 74' lang='lat' dir='ltr'><strong>Ct5</strong></span> 
     </span>
     <span class='ocr_line' id='line_1_55' title="bbox 655 5238 1704 5311; baseline 0 -20"><span class='ocrx_word' id='word_1_563' title='bbox 655 5242 725 5293; x_wconf 85' lang='lat' dir='ltr'><strong>bere</strong></span> <span class='ocrx_word' id='word_1_564' title='bbox 742 5240 885 5307; x_wconf 80' lang='lat' dir='ltr'><strong>insertor.“</strong></span> <span class='ocrx_word' id='word_1_565' title='bbox 909 5238 995 5293; x_wconf 79' lang='lat' dir='ltr'><strong>Znun.</strong></span> <span class='ocrx_word' id='word_1_566' title='bbox 1268 5248 1327 5310; x_wconf 82' lang='lat'><strong>15.;</strong></span> <span class='ocrx_word' id='word_1_567' title='bbox 1347 5262 1370 5298; x_wconf 93' lang='lat' dir='ltr'><strong>c.</strong></span> <span class='ocrx_word' id='word_1_568' title='bbox 1386 5248 1434 5311; x_wconf 79' lang='lat'><strong>20,</strong></span> <span class='ocrx_word' id='word_1_569' title='bbox 1453 5244 1466 5309; x_wconf 86' lang='lat'><strong>5</strong></span> <span class='ocrx_word' id='word_1_570' title='bbox 1483 5248 1523 5309; x_wconf 78' lang='lat'><strong>⁸.;</strong></span> <span class='ocrx_word' id='word_1_571' title='bbox 1541 5262 1565 5297; x_wconf 90' lang='lat' dir='ltr'><strong>c.</strong></span> <span class='ocrx_word' id='word_1_572' title='bbox 1582 5247 1630 5310; x_wconf 83' lang='lat'><strong>21,</strong></span> <span class='ocrx_word' id='word_1_573' title='bbox 1648 5243 1662 5307; x_wconf 88' lang='lat'><strong>5</strong></span> <span class='ocrx_word' id='word_1_574' title='bbox 1681 5246 1704 5292; x_wconf 83' lang='lat' dir='ltr'><strong>t.</strong></span> 
     </span>
    </p>
   </div>
   <div class='ocr_carea' id='block_1_7' title="bbox 0 0 2550 6425">
    <p class='ocr_par' dir='ltr' id='par_1_9' title="bbox 0 0 2550 6425">
     <span class='ocr_line' id='line_1_56' title="bbox 0 0 2550 6425; baseline 0 0"><span class='ocrx_word' id='word_1_575' title='bbox 0 0 2550 6425; x_wconf 95' lang='lat' dir='ltr'><strong> </strong></span> 
     </span>
    </p>
   </div>
  </div>
 </body>
</html>
