5092 6425
817 915 954 984 COMM.
975 915 1020 984 IN
1040 914 1167 984 SOMN.
1188 914 1287 984 SCIP.
1329 917 1404 984 LIB.
1425 920 1449 984 Ι.
1492 921 1582 988 CAP.
1603 925 1656 991 vl,
1774 927 1817 994 45

649 1085 725 1150 nire.
773 1086 859 1150 Inter
881 1105 984 1150 aerem
1006 1105 1080 1151 vero
1100 1092 1132 1150 at
1156 1085 1258 1170 ignem
1282 1085 1467 1154 Obedientia
1486 1087 1613 1170 dicitur,
1642 1097 1716 1179 quia
1737 1099 1817 1166 siout
1825 1096 1868 1166 39

649 1170 800 1235 lutulenta
830 1178 862 1235 at
883 1171 985 1253 gravia
1005 1170 1215 1255 superioribus
1237 1173 1419 1238 necessitate
1439 1173 1610 1259 iunguntur
1637 1179 1816 1268 itaisuperi·

648 1275 704 1319 ora
732 1254 892 1320 lutulentis
920 1254 1094 1318 obedientia
1117 1256 1302 1338 copulantur
1325 1256 1485 1323 harmonia
1508 1261 1608 1326 media
1627 1265 1818 1334 coniunctio·

647 1360 719 1403 nem
742 1340 905 1425 utriusque
930 1346 1113 1424 praestante.
1162 1341 1210 1403 Ex
1232 1346 1379 1424 quattuor
1404 1343 1498 1426 igitur
1526 1346 1685 1414 elementis
1709 1359 1741 1417 et
1761 1350 1867 1418 tri-td

646 1424 705 1490 bus
723 1445 829 1489 corum
847 1425 1019 1489 interstitiis
1037 1422 1261 1487 absolutionem
1280 1446 1443 1509 corporum
1463 1438 1601 1496 constare
1619 1434 1815 1504 manifestum

648 1517 710 1574 cst:
749 1531 822 1594 ergo
843 1509 875 1574 hi
901 1510 963 1574 duo
985 1508 1122 1585 numeri,
1152 1508 1212 1572 tria
1233 1508 1302 1573 dico
1323 1518 1355 1573 et
1396 1519 1535 1591 nattuor‚
1567 1523 1629 1581 tarn
1654 1522 1816 1606 multiplici

648 1594 729 1658 inter
757 1615 789 1658 se
819 1595 1008 1679 cognationis
1031 1592 1210 1656 necessitate
1233 1594 1339 1658 sociati
1361 1616 1378 1659 e
1402 1596 1527 1661 rciendis
1544 1601 1684 1687 utrisque
1708 1627 1815 1692 corpo·

647 1680 733 1744 ribus
760 1699 912 1744 consensu
938 1677 1070 1742 ministri
1096 1676 1227 1742 foederis
1253 1679 1449 1744 obsecuntur.
1498 1683 1563 1749 Nec
1590 1686 1691 1752 solum
1718 1688 1863 1778 expli-il

647 1764 751 1830 candis
778 1764 958 1848 corporibus
988 1763 1020 1827 hi
1048 1761 1110 1825 duo
1139 1763 1259 1827 numeri
1286 1765 1462 1830 collativum
1488 1776 1645 1851 praestant
1668 1773 1814 1856 savorem,

647 1850 700 1914 sed
730 1849 960 1933 quaternarium
987 1845 1112 1932 quidem
1134 1845 1333 1931 Pythagorei,
1373 1870 1466 1934 quern
1492 1851 1666 1937 τετρακτὺν
1694 1870 1814 1940 vocant,

646 1933 725 1998 adeo
751 1932 837 2016 quasi
863 1933 902 1997 ad
930 1930 1148 2017 perlectionem
1183 1931 1303 1996 animae
1331 1935 1536 2017 pertinentem
1568 1938 1648 2003 inter
1680 1945 1866 2019 archanum]

647 2026 842 2094 venerantur,
863 2026 899 2082 ut
916 2039 955 2082 ex
976 2037 1014 2082 eo
1035 2023 1067 2080 et
1089 2013 1286 2080 iurisiurandi
1306 2018 1485 2101 religionem
1506 2021 1564 2086 sibi
1586 2022 1729 2093 iecerint:

738 2097 788 2167 Οὐ
813 2098 858 2184 μὰ
878 2098 937 2167 τὸν
958 2095 1096 2186 ἁμετέρᾳ
1117 2100 1206 2186 ψυχᾷ
1227 2098 1417 2185 παραδόντα
1436 2104 1621 2190 τετρακτύν.

735 2189 806 2266 [Per
826 2190 882 2274 pai
896 2198 1016 2252 austrae
1036 2185 1155 2250 animae
1172 2207 1332 2251 nummum
1351 2187 1433 2252 dedit
1452 2191 1516 2275 ipse
1607 2203 1732 2275 eroum]

648 2271 816 2339 Ternarius
837 2292 911 2338 vcro
935 2270 1074 2358 adsignat
1098 2269 1233 2337 animun
1260 2272 1359 2339 tribus
1380 2272 1444 2342 suis
1467 2284 1546 2361 parts
1567 2298 1605 2345 us
1632 2279 1814 2366 absolutam,
1822 2286 1865 2353 42

1441 2495 1525 2559 [Edu.
1545 2497 1746 2569 uicalrgspdsb.

648 2576 691 2630 ori
708 2582 795 2638 (corr.
807 2575 848 2628 in:
866 2576 1009 2643 superiora
1024 2577 1223 2645 inferioribus)
1239 2580 1290 2633 m.
1441 2585 1483 2634 39.
1519 2584 1650 2636 lutulenta
1665 2593 1741 2655 (sup.
1751 2589 1816 2644 add.

647 2654 672 2698 et
689 2645 853 2713 grauitas)
877 2645 927 2696 itt.
951 2673 983 2683 -
1006 2645 1047 2698 ita
1124 2649 1283 2714 copulamur
1302 2663 1356 2699 osa.
1378 2647 1450 2702 Bsa.
1476 2677 1505 2688 —
1527 2652 1712 2707 coniunctione
1734 2672 1760 2708 ι.
1781 2683 1817 2697 -

646 2715 765 2794 utrisque
788 2710 1025 2793 barcaban-u.
1043 2712 1280 2809 “„Reponeuduru
1302 2714 1451 2781 utrobique
1479 2716 1541 2798 ibic
1564 2726 1593 2771 et
1614 2719 1690 2772 iufra
1711 2722 1725 2787 5
1746 2724 1818 2790 40.),‘

646 2787 1075 2900 ”mltabattutas,
1088 2782 1164 2909 itt.
1180 2781 1282 2909 ebt}
1318 2787 1593 2922 ·„t?·..¹²t'0·ttt:‘t.·
1607 2789 1815 2923 {diligis

646 2917 697 2968 Rl.
719 2943 753 2953 -
775 2915 927 2980 utriusque
946 2929 990 2981 ag.
1014 2941 1049 2953 -
1067 2916 1182 2981 foedere
1200 2915 1221 2966 le
1239 2931 1256 2968 a
1271 2934 1327 2969 sec.
1346 2935 1383 2969 m.
1534 2923 1577 2973 41.
1612 2923 1666 2976 dac
1682 2924 1711 2975 lei
1725 2924 1757 2977 F.
1780 2952 1816 2966 -

645 2984 741 3037 collati
759 2983 829 3035 Brea.
848 3009 882 3020 -
914 2982 1004 3032 cidem
1020 2997 1073 3033 ora.
1089 2982 1122 3033 B.
1140 3011 1175 3022 -
1191 2984 1356 3053 Pythagorei
1372 2983 1495 3038 stSP.
1528 2991 1680 3060 pytagorei
1697 2992 1729 3043 B.
1763 3009 1816 3060 pp·

645 3052 793 3104 theorici
819 3048 893 3116 v-gb
920 3065 951 3100 a.
992 3051 1169 3118 pytagorici
1195 3050 1245 3101 Rl.
1286 3052 1475 3120 pithagoriei
1502 3053 1574 3106 Bure.
1616 3058 1816 3128 phytagorioi

646 3069 726 3171 ΜΞ.
749 3145 783 3158 -
805 3134 880 3183 quem
903 3131 939 3179 „s
956 3117 1182 3169 membranarum
1204 3118 1295 3170 altera
1315 3120 1404 3170 abest.
1438 3119 1510 3172 Puto
1531 3121 1634 3175 luisses
1665 3127 1817 3190 Quaterno-

645 3180 1221 3318 ltatltdittd'titltt'd
1242 3187 1445 3305 ”iiiiii
1466 3189 1543 3307 ⁹3⁰1}
1566 3192 1642 3274 ‘³⁰³‘
1669 3193 1754 3310 opt
1781 3197 1827 3237 ““’

966 3279 1021 3302 .-
1205 3283 1263 3304 .-
1457 3272 1473 3305 τ
1540 3274 1677 3310 neceam.
1721 3278 1818 3312 sa.-

585 3343 588 3349 ,
648 3321 784 3372 ΔΟΝΤΑ
807 3324 882 3386 (sup.
906 3320 1084 3379 Parademta)
1109 3320 1161 3369 ln.
1183 3347 1218 3360 —
1243 3271 1481 3372 TETQPAKTIN
1498 3273 1530 3372 ii.
1577 3324 1820 3378 TETPACTYN

647 3389 701 3440 lta.
723 3416 757 3426 -
784 3387 834 3437 Pes
851 3387 896 3453 pai
911 3396 1019 3438 austrae
1033 3388 1140 3438 animae
1152 3403 1290 3439 aamersaa
1308 3388 1380 3440 dedit
1394 3388 1451 3452 ipse
1467 3396 1623 3455 padernum
1640 3392 1705 3443 uns
1725 3394 1783 3453 (ΒΞ
1799 3409 1819 3447 a

650 3474 678 3522 p.
697 3460 749 3515 ιιι.)
764 3454 812 3505 Gn
834 3453 905 3520 (clrg
922 3454 950 3504 in
969 3459 1042 3520 urg.)
1062 3453 1099 3514 (B
1116 3469 1165 3521 per
1196 3455 1242 3505 uis
1261 3454 1334 3521 [sup.
1353 3454 1427 3520 aos],·
1444 3458 1541 3523 viper
1556 3474 1648 3524 qaae5
1666 3460 1741 3511 alter
1756 3461 1818 3513 eod.

648 3524 735 3574 Gron.
753 3538 873 3589 perque,
891 3524 966 3572 ulter
981 3537 1050 3588 pers.
1070 3521 1129 3587 pui3
1151 3471 1242 3587 Sim
1258 3537 1274 3572 s
1293 3537 1348 3572 sec.
1367 3522 1415 3588 ιιι]
1433 3521 1475 3574 Hl
1495 3523 1570 3575 ulter
1588 3526 1649 3577 cod.
1666 3528 1753 3579 Gran.
1769 3529 1818 3580 de-

648 3592 690 3642 dit
707 3606 761 3641 esse
778 3596 949 3655 pwteraams
966 3589 1040 3640 alter
1059 3587 1121 3652 eod,
1139 3587 1226 3639 Grou.
1245 3588 1319 3641 dedit
1335 3589 1392 3657 ipse
1409 3593 1647 3656 quatenarium).
1680 3612 1818 3647 numerum

649 3658 723 3710 dedit
741 3658 797 3724 ipse
815 3664 971 3722 matonam
993 3658 1074 3715 (cett.
1092 3660 1162 3715 om.)
1184 3655 1255 3707 Burs.
1292 3672 1342 3724 per
1360 3659 1406 3724 qai
1424 3657 1442 3707 d
1447 3666 1481 3710 at
1498 3660 1603 3712 caimos
1621 3669 1727 3714 nostrae
1749 3679 1819 3730 pua·

648 3727 794 3777 tunorium
810 3740 946 3775 numeram
969 3722 1000 3772 P.
1046 3739 1107 3773 aco
1123 3739 1173 3790 pes
1189 3724 1410 3789 quaternarium
1427 3741 1564 3778 numeram
1583 3729 1629 3794 qai
1645 3731 1752 3781 animae
1767 3747 1818 3781 ao·

649 3801 720 3844 strae
732 3796 858 3857 fontem
877 3790 951 3841 dedit
968 3792 1011 3853 „2
1020 3788 1122 3856 Angl.“
1155 3806 1203 3856 per
1219 3807 1310 3857 quem
1325 3808 1352 3841 a.
1369 3809 1394 3842 a.
1414 3791 1487 3845 dedit
1503 3798 1727 3859 guaimarium
1745 3797 1817 3849 Bas.

648 3862 719 3911 iuro
737 3859 800 3912 tili
814 3875 863 3924 per
877 3874 946 3908 eum
963 3856 1010 3923 qui
1028 3857 1084 3909 dut
1103 3856 1210 3909 animae
1226 3865 1333 3910 nostrae
1347 3862 1571 3926 castanasium
1588 3880 1725 3916 nummum
1742 3865 1818 3917 etl-b.

644 3927 746 3993 „llaec
764 3925 866 3978 Latius
891 3923 936 3977 ius
957 3923 1071 3977 iurandi
1092 3924 1215 3980 formula
1237 3925 1333 3980 nescio
1356 3924 1437 3981 cuius
1458 3928 1606 3997 nugatorie
1626 3935 1701 3984 est.“
1730 3932 1817 3985 Grau.

680 4148 723 4198 40.
758 4144 878 4212 atrisque
900 4142 1060 4212 corporibus]
1088 4143 1108 4197 i.
1130 4160 1155 4197 e.
1178 4148 1208 4197 et
1256 4142 1305 4196 ubi
1328 4144 1427 4195 eadem
1450 4143 1521 4197 iuris
1543 4145 1655 4199 iurandi
1677 4147 1817 4214 repetitus

643 4214 854 4266 mathematicis
880 4217 908 4262 ct
935 4211 1041 4262 talibus
1068 4228 1140 4278 quae
1164 4212 1206 4264 vi·
1256 4211 1388 4275 formula,
1407 4204 1545 4277 ῥιζώματα
1561 4210 1707 4279 ἔχονσαα.“
1726 4215 1814 4266 Zuua.

644 4297 707 4332 sum
727 4288 866 4332 tectumve
885 4278 1043 4345 patiantur,
1062 4281 1099 4330 cl.
1118 4280 1188 4346 §illu
1255 4277 1371 4329 Erravit
1391 4279 1418 4327 V.
1436 4278 1469 4328 1).
1508 4279 1634 4346 Namque
1654 4297 1672 4334 a
1691 4280 1815 4334 lancisae

680 4365 805 4400 consensa
822 4347 937 4398 ministri
946 4347 1067 4411 foederis
1083 4348 1207 4398 obserua-
1255 4346 1286 4396 iu
1306 4344 1358 4396 illo
1380 4344 1494 4413 dialogo
1515 4363 1539 4398 e.
1557 4350 1587 4412 d,
1616 4352 1648 4399 ut
1670 4364 1721 4415 pro
1742 4350 1816 4417 laps.

643 4415 698 4482 tar]
722 4416 740 4467 i.
758 4432 781 4466 a.
801 4413 959 4466 inserviunt
977 4419 1092 4481 propter
1107 4415 1206 4466 foedus
1256 4411 1307 4464 int.
1331 4412 1416 4463 salut.
1441 4429 1466 4463 c.
1491 4417 1509 4464 b
1532 4418 1563 4465 et
1585 4414 1699 4483 Philop.
1724 4433 1748 4468 a.
1772 4420 1815 4482 la,

644 4482 877 4536 talemell'ectum
893 4481 1039 4532 adiuvans.
1075 4479 1119 4532 cl.
1136 4482 1205 4549 §⁷⁸2
1256 4486 1492 4531 commemoratas·
1512 4485 1620 4534 tautam
1639 4483 1817 4552 Pythagora-

643 4556 673 4602 et
696 4550 724 4614 l,
745 4554 794 4615 al,
817 4553 843 4600 9.
872 4548 1021 4601 serenitatis
1043 4548 1206 4615 obsequio,
1256 4562 1336 4597 orum
1353 4545 1557 4611 iusiurandum,
1575 4550 1624 4600 sed
1644 4550 1756 4619 integra
1773 4552 1817 4603 le·

643 4617 725 4670 0vid.
743 4618 813 4669 Har.
832 4615 912 4680 xxi,
933 4617 990 4666 114.
1012 4614 1127 4666 Lamias
1142 4631 1206 4680 pro-
1256 4614 1335 4681 gitur
1352 4614 1475 4665 turmula
1492 4616 1567 4681 apud
1585 4615 1701 4669 Sextum
1718 4617 1817 4686 limpi-

662 4686 724 4738 ositi
737 4684 981 4750 factamiaiatra
998 4683 1051 4743 tui,
1077 4686 1105 4733 et
1122 4682 1204 4734 cors.
1254 4680 1345 4732 sicum
1367 4681 1430 4732 adv.
1451 4682 1541 4735 Metb.
1565 4683 1585 4733 l.
1602 4683 1655 4749 IV,
1681 4701 1704 4737 s.
1722 4688 1754 4750 a,
1786 4691 1817 4737 et

640 4702 711 4820 iiep.
732 4754 875 4815 ettam.
898 4752 1021 4802 idoneam
1039 4757 1204 4817 tempuscu-
1254 4746 1492 4815 odv.bog.l.1.
1521 4766 1544 4802 ι.
1562 4752 1611 4811 91,
1644 4751 1693 4804 ubi
1712 4752 1814 4805 ultima

643 4826 686 4873 tas
705 4821 802 4872 stadiis
824 4817 1022 4883 obsequendi
1039 4818 1102 4867 suis.
1253 4815 1341 4865 verba
1353 4820 1418 4867 eunt
1435 4810 1561 4882 dettipue'
1574 4812 1699 4884 ἔχουσαν.
1733 4819 1814 4874 Cani.

676 4890 720 4938 41.
756 4880 800 4938 Οὔ
815 4881 855 4951 μὰ
872 4880 931 4953 τὸν]
955 4884 1007 4947 ,,Ιιι
1025 4881 1204 4936 carminibus
1253 4881 1393 4935 Bruclrsri
1408 4884 1484 4938 flius.
1500 4884 1562 4938 orit.
1579 4885 1649 4952 phil.
1665 4888 1722 4940 rol.
1740 4888 1767 4952 l,
1785 4904 1813 4955 p.

642 4953 704 5007 illie
722 4953 818 5006 aureis
835 4968 906 5018 quse
918 4951 1100 5018 Pythagoraa
1118 4952 1204 5019 vulgo
1255 4952 1331 5003 10⁶4.

642 5021 806 5074 tribuuntur
826 5020 863 5088 [v.
881 5018 934 5086 41.]
958 5019 1070 5083 integra
1091 5025 1205 5069 senten·
1288 5020 1330 5067 42.
1365 5018 1483 5070 animam
1504 5020 1589 5072 tribas
1613 5021 1669 5072 sais
1692 5019 1815 5088 partibas

643 5089 684 5140 tia
707 5089 748 5139 sic
770 5093 813 5139 cst
837 5102 982 5153 expressae
1019 5083 1079 5137 Ναὶ
1098 5084 1138 5151 μὰ
1154 5082 1205 5137 τὸν
1254 5085 1412 5153 absolutam]
1431 5087 1531 5150 „Quam
1543 5093 1641 5139 unctor
1654 5087 1702 5138 bic
1717 5088 1751 5137 de
1764 5085 1816 5137 tri-

643 5150 762 5225 ἁμετέρᾳ
776 5153 855 5223 ψυχᾷ
866 5148 1031 5219 παραδόντα
1045 5148 1204 5219 τετρακτὺν,
1254 5150 1324 5217 plici
1340 5152 1442 5203 urentis
1457 5154 1592 5205 facultate
1604 5154 1696 5206 obiter
1711 5153 1815 5232 tangit,

646 5220 747 5289 Παγάν
767 5216 871 5273 oiavoioo
891 5214 1006 5287 φύσεως.
1045 5220 1099 5271 llis
1124 5219 1204 5271 addit
1255 5217 1369 5284 copiose
1389 5225 1490 5271 tractat
1506 5219 1664 5273 Salmasius
1685 5220 1722 5273 ad
1738 5219 1814 5273 Saar-

641 5287 785 5343 Irueianus
812 5288 843 5342 iu
873 5286 1039 5341 venditione
1068 5287 1204 5351 vitarum,
1253 5285 1515 5355 pbeiump.1s4.“
1540 5287 1631 5340 baua.
