5092 6425
690 880 799 925 aaran
1137 852 1470 922 PROLEGOMENA.
1558 951 1561 954 ‚

730 1026 853 1079 editione
871 1021 998 1092 principe
1008 1024 1042 1087 (s.
1062 1025 1082 1074 I.
1100 1030 1128 1075 ct
1145 1025 1195 1090 a),
1206 1021 1529 1087 versasllaxirniani,
1549 1022 1583 1073 de
1598 1038 1651 1088 quo
1665 1020 1723 1072 nid.
1736 1021 1771 1071 II.
1783 1020 1917 1088 Meyer-i

730 1114 842 1166 dntbol.
858 1110 920 1163 Lat·
939 1109 995 1160 vol.
1015 1110 1035 1159 I.
1052 1127 1077 1175 p.
1097 1125 1172 1160 mr.
1191 1114 1243 1172 90.‚
1263 1109 1455 1174 Ciceronis,
1474 1109 1529 1161 sid.
1548 1109 1638 1161 Or'ell.
1657 1109 1711 1159 vol.
1729 1107 1773 1159 IV.
1793 1112 1865 1173 part.
1880 1107 1917 1157 II.

732 1219 759 1268 p.
783 1203 863 1262 572..
893 1196 940 1246 sed
965 1194 1050 1246 etiam
1072 1195 1129 1246 alia
1148 1195 1286 1260 quaedam
1308 1195 1376 1246 lruio
1401 1193 1441 1246 ibl
1467 1194 1629 1248 tribuuntur
1651 1210 1723 1261 quse
1745 1209 1799 1243 non
1824 1191 1919 1258 magis

732 1284 806 1351 apud
835 1281 974 1334 Orellinm
1000 1279 1126 1333 invenias
1152 1295 1234 1346 quarn
1262 1280 1291 1331 ln
1319 1279 1491 1332 editionibus
1515 1280 1645 1333 Lucani
1670 1297 1720 1332 sex
1744 1295 1844 1331 versus
1870 1277 1919 1343 qui

732 1369 817 1421 buius
833 1372 933 1434 poetae
950 1383 1013 1418 esse
1028 1367 1172 1429 dicuntur,
1202 1364 1347 1416 Ausonii
1366 1365 1541 1432 epigramma
1558 1366 1683 1430 LXXII.,
1714 1362 1835 1416 Ouidii
1855 1380 1920 1414 ver-

733 1472 782 1506 sus
808 1470 841 1504 ex
867 1452 956 1504 Ponto
979 1451 1029 1514 IV,
1049 1455 1079 1514 3,
1101 1452 1218 1513 35-40.,
1250 1467 1319 1516 quos
1342 1450 1448 1516 excipit
1474 1450 1549 1502 liber
1572 1450 1632 1502 VII.
1655 1452 1735 1502 nulla
1758 1448 1855 1501 addita
1875 1448 1920 1499 in·

732 1537 892 1606 scriptione.
928 1534 1010 1587 Hune
1027 1535 1152 1587 codicem
1170 1535 1206 1586 sb
1225 1535 1267 1586 ls.
1287 1536 1440 1589 Pontano
1458 1552 1521 1588 esse
1538 1553 1701 1600 excussum,
1724 1537 1773 1587 sed
1793 1552 1827 1588 ea
1847 1550 1920 1601 quae

733 1625 784 1676 ille
801 1623 829 1674 in
847 1638 880 1673 eo
896 1638 927 1672 se
944 1620 1086 1672 invenisse
1099 1621 1245 1674 simulavit
1260 1639 1324 1673 eum
1343 1639 1396 1674 noa
1413 1621 1558 1675 continere
1575 1623 1685 1674 ostendi
1702 1639 1787 1688 snpra
1805 1640 1831 1689 p.
1843 1637 1920 1671 xxxv

733 1727 774 1775 sq.
809 1707 925 1759 Summa
941 1706 1083 1772 Insepbi
1101 1706 1259 1775 Romilly
1276 1707 1304 1758 V.
1322 1708 1354 1758 I).
1374 1706 1547 1759 liberalitate
1566 1709 1637 1760 milri
1654 1709 1790 1777 contigit,
1807 1714 1839 1759 ut
1854 1725 1918 1759 eum

733 1794 890 1845 conferrem
909 1808 972 1842 cum
993 1790 1059 1843 edit.
1079 1791 1188 1844 Zesrnii.
1360 1855 1364 1861 p

699 1883 728 1945 2)
746 1878 931 1933 Parisinus
949 1877 983 1942 (P
1003 1878 1048 1928 vel
1066 1877 1130 1942 ΡΙ),
1159 1878 1266 1946 Regius
1285 1881 1379 1941 6³71„
1404 1877 1525 1944 primurn
1549 1879 1617 1932 Pet.
1634 1879 1791 1945 Pitheci,
1820 1886 1919 1946 postea

734 1962 975 2026 colbertinus,
994 1964 1147 2014 membran.
1168 1981 1222 2016 sec.
1242 1963 1303 2028 XL,
1324 1964 1405 2015 cuius
1423 1963 1654 2032 descriptionem,
1673 1982 1758 2031 quum
1777 1965 1920 2016 contineat

735 2050 821 2101 etiam
840 2046 1115 2100 Commentarios
1133 2049 1166 2101 in
1186 2048 1355 2101 Somnium
1371 2049 1562 2116 Scipionis,
1580 2049 1661 2116 posui
1679 2067 1765 2114 supra
1782 2067 1808 2116 p.
1827 2065 1918 2100 nxvn.

734 2132 1016 2186 saturnaliorum
1036 2134 1159 2186 continet
1177 2134 1266 2186 libros
1284 2151 1396 2201 ornnes,
1423 2136 1471 2185 sed
1490 2134 1623 2187 aliterue
1641 2136 1729 2203 vulgo
1747 2141 1917 2187 numeratos.

732 2219 819 2270 Liber
828 2218 849 2269 I.
861 2217 1038 2269 inscribitnm
1092 2220 1198 2271 PRIMI
1211 2221 1286 2271 DIEI
1295 2218 1603 2272 SATVRNALIORVII
1615 2219 1757 2272 LIBERI.
1769 2218 1919 2272 INCIPIT.

732 2306 765 2356 In
787 2303 913 2355 eiusdem
939 2302 994 2353 llne
1017 2303 1136 2368 legitur:
1227 2305 1401 2357 EXPLICIT
1424 2303 1536 2355 LIBER
1556 2305 1578 2356 I.
1599 2304 1917 2358 SATVRNALIORVM.

732 2388 873 2441 INCIPIT
896 2385 1089 2439 SECVNDVS.
1124 2390 1156 2442 In
1176 2390 1231 2441 lise
1255 2391 1322 2443 libri
1347 2391 1383 2441 II.
1405 2405 1511 2442 uacuae
1531 2395 1597 2442 sunt
1619 2390 1739 2443 relictas
1762 2391 1797 2441 IV
1818 2390 1919 2441 lineae.

733 2477 764 2528 In
778 2475 833 2525 line
848 2471 914 2525 libri
926 2471 976 2523 III.
988 2472 1109 2540 legitur:
1125 2475 1299 2527 EXPLICIT
1313 2475 1382 2527 LIB.
1394 2475 1431 2525 II.
1443 2474 1762 2528 SATVRNALIORVM.
1777 2473 1918 2526 INCIPIT

733 2557 894 2612 TERTIVS
924 2557 961 2609 IN
988 2558 1104 2609 LII'IIE
1129 2559 1295 2611 VIRGILII.
1332 2559 1411 2611 Libri
1434 2559 1479 2610 IV.
1497 2560 1528 2610 V.
1547 2561 1591 2613 VI.
1616 2577 1670 2614 non
1695 2560 1918 2628 distinguuntur,

713 2645 788 2723 §nisi
811 2643 883 2710 quod
908 2641 936 2694 in
962 2643 1017 2694 llne
1040 2643 1107 2696 iibri
1126 2644 1155 2694 V.
1176 2646 1255 2696 nullo
1272 2643 1440 2712 interposito
1458 2645 1551 2711 spatio
1568 2645 1700 2714 leguntur
1715 2649 1813 2698 verbsr
1844 2648 1919 2710 Quae

733 2738 794 2783 sunt
819 2744 887 2797 quos
910 2730 1004 2782 sumsit
1031 2729 1163 2798 Virgilius
1188 2730 1221 2782 nb
1243 2732 1362 2799 antiquis
1381 2731 1537 2784 Latinorum
1557 2732 1652 2799 poetis.
1686 2730 1772 2783 Liber
1794 2731 1853 2782 VII.
1874 2730 1918 2781 in-

733 2813 882 2868 scribitur:
899 2813 1040 2867 INCIPIT
1054 2814 1125 2866 LIB.
1143 2814 1207 2866 IIII.
1225 2815 1273 2866 IIE
1291 2813 1459 2867 DIVERSIS
1477 2814 1777 2882 QVAESTIONIBVS.
1813 2818 1844 2868 In
1863 2816 1918 2867 iine

731 2901 812 2954 nulla
829 2905 872 2951 cst
889 2898 1067 2967 subscriptio.
1102 2899 1343 2956 Commemoratur
1360 2916 1429 2969 ergo
1445 2900 1610 2953 distributio
1627 2901 1655 2952 iu
1671 2903 1732 2954 dies
1748 2919 1803 2954 nnn
1817 2900 1871 2953 nisi
1890 2901 1918 2952 in

732 2985 918 3057 inscriptions
934 2985 1000 3037 libri
1017 2986 1041 3036 I.
1076 2987 1107 3037 In
1124 2986 1190 3038 libri
1206 2987 1229 3037 I.
1247 2987 1350 3055 capitis
1369 2989 1410 3036 18.
1426 2984 1566 3052 principio
1579 2986 1698 3054 Iegitnrc
1717 2987 1764 3038 IIE
1781 2986 1918 3037 LIBERO

732 3071 865 3125 PATRE.
901 3071 1024 3135 Graeca,
1052 3070 1158 3124 omisso
1176 3076 1283 3123 tuntum
1305 3071 1420 3124 oraculo
1438 3058 1511 3136 quod
1534 3071 1683 3138 reginari,
1704 3078 1734 3137 1,
1750 3076 1808 3134 Ἀ,
1836 3071 1864 3123 in
1884 3088 1917 3122 eo

732 3161 866 3229 leguntur
883 3157 990 3225 scripta
1009 3159 1101 3211 literis
1119 3157 1289 3210 uncialibus.
1328 3159 1407 3209 Ilaec
1427 3155 1638 3208 Theodorus
1658 3157 1800 3209 Pressel
1822 3158 1851 3208 V.
1875 3158 1917 3217 D,

732 3245 780 3313 qni
797 3246 872 3297 bunc
891 3244 1015 3296 codicem
1033 3245 1152 3297 cuntulit
1169 3262 1231 3296 cuns
1250 3245 1294 3297 ed.
1311 3244 1438 3312 Bipnnt,
1461 3243 1502 3295 ita
1522 3243 1686 3311 exscripsit,
1711 3252 1742 3295 ut
1759 3244 1837 3310 ipsos
1854 3243 1919 3295 lite-

731 3348 826 3383 rarum
850 3329 945 3395 apices
969 3329 1100 3381 redderet
1121 3329 1346 3382 accuratissime.
1381 3329 1471 3396 Saepe
1489 3329 1696 3382 confunduntur
1715 3330 1816 3382 literae
1836 3333 1917 3396 ΑΛΔ,

734 3416 846 3469 ΣΕΘΟ
869 3418 943 3476 (nam
964 3415 1111 3467 literarum
1135 3415 1164 3467 Σ
1184 3419 1211 3467 et
1235 3416 1261 3465 E
1282 3415 1372 3467 torma
1394 3413 1498 3481 ubique
1520 3421 1565 3466 est
1586 3416 1733 3479 rotunda),
1749 3415 1917 3481 ·HNIITT,

735 3503 821 3568 ITP,
839 3499 895 3567 ΖΞ,
913 3501 976 3553 Mat
991 3502 1067 3566 (narn
1086 3501 1186 3552 barum
1203 3500 1349 3551 literarum
1369 3501 1476 3552 Iorsuae
1493 3498 1548 3551 sibi
1567 3508 1633 3552 sunt
1648 3500 1833 3566 simillimae),
1854 3502 1918 3563 ΠΡ,

734 3587 833 3651 IYEI,
851 3585 919 3653 ΕΗ,
936 3584 1006 3650 ΟΩ,
1028 3584 1091 3645 ΤΘ.
1127 3584 1180 3636 Ubi
1208 3601 1295 3651 parvo
1318 3585 1469 3637 intervallo
1493 3592 1647 3651 sequuntur
1669 3586 1783 3637 eaedem
1806 3586 1918 3649 literae,

731 3688 817 3737 saepe
835 3687 851 3721 a
869 3670 985 3721 librario
1003 3671 1038 3722 ab
1056 3685 1110 3720 nna
1125 3671 1159 3720 ad
1177 3671 1295 3722 alteram
1315 3672 1463 3723 aberrante
1480 3669 1585 3723 omissa
1602 3678 1645 3723 cst
1663 3674 1754 3724 altera
1772 3688 1833 3722 cum
1852 3672 1918 3721 lite-

731 3758 773 3809 ris
793 3755 961 3807 interiectis.
996 3753 1055 3805 Non
1079 3770 1143 3807 raro
1167 3758 1326 3823 complures
1343 3756 1444 3808 literae
1463 3758 1509 3808 rel
1531 3774 1614 3809 voces
1631 3758 1761 3827 integrae
1779 3758 1808 3808 in
1828 3756 1917 3807 alium

731 3859 844 3894 versum
860 3846 924 3891 sunt
942 3840 1105 3891 translatae.

698 3930 725 3994 3)
749 3926 1037 3993 salisburgensis
1063 3923 1202 3976 aulicus
1224 3928 1266 3976 ³8.
1286 3925 1344 3991 (S),
1374 3942 1447 3977 nunc
1465 3925 1656 3991 Monacensis,
1688 3930 1840 3980 membran.
1860 3947 1916 3981 sec.

732 4012 788 4063 XV.
807 4011 933 4064 continet
948 4010 1032 4062 etium
1045 4008 1322 4063 Commentarios
1339 4011 1754 4082 inSemniumScipinnis.
1772 4014 1862 4081 Quam
1880 4016 1916 4065 ob

730 4114 789 4150 rem
810 4114 873 4149 eum
891 4096 1028 4164 descripsi
1046 4111 1131 4163 snpra
1151 4113 1177 4162 p.
1194 4110 1263 4146 uxvr
1279 4113 1320 4163 sq.
1347 4096 1552 4151 Saturnalia
1572 4099 1600 4151 in
1618 4106 1728 4167 septem
1747 4101 1836 4152 libros
1852 4108 1918 4151 sunt

730 4183 897 4235 distributa:
921 4183 969 4235 sed
989 4187 1101 4249 praeter
1115 4180 1234 4247 primum
1252 4199 1349 4233 omncs
1367 4190 1463 4234 carent
1480 4183 1721 4251 inscriptionibus,
1736 4186 1837 4237 relicto
1852 4202 1917 4252 spn-

731 4268 770 4321 tio
794 4268 843 4320 nbi
867 4268 1066 4322 insererentur.
1101 4266 1219 4318 Nomina
1241 4267 1356 4334 propria
1379 4274 1407 4319 ct
1426 4265 1581 4322 summaria
1604 4269 1678 4321 band
1703 4286 1767 4322 raro
1788 4271 1817 4322 in
1843 4286 1917 4321 mar-

730 4353 797 4421 gine
815 4353 948 4419 leguntur
966 4355 1050 4404 rubro
1069 4354 1164 4406 colore
1184 4352 1306 4419 scripta,
1332 4354 1494 4419 quostiam
1513 4354 1621 4406 Graeca
1646 4370 1793 4422 quaequae
1815 4358 1918 4407 adsunt

729 4437 836 4503 scripta
853 4443 931 4499 sunt,
953 4437 1045 4488 literis
1063 4437 1239 4491 minusculis.
1272 4439 1329 4491 Sed
1346 4440 1436 4491 multe
1453 4440 1535 4506 plura
1552 4439 1659 4492 omissa
1678 4447 1758 4506 sunt,
1785 4441 1813 4493 iu
1834 4441 1916 4493 libris

730 4522 761 4573 V.
778 4521 822 4571 Vl.
841 4522 901 4572 Vll.
923 4521 983 4572 lere
999 4520 1102 4573 omnia.

694 4611 726 4669 4)
742 4606 1016 4675 Rsmbergensis
1038 4607 1085 4672 (B)
1104 4609 1143 4659 Μ.
1160 4609 1189 4660 V.
1207 4613 1240 4673 5,
1268 4606 1297 4660 ἰιι
1315 4606 1423 4659 laeclsii
1441 4610 1525 4661 catal·
1545 4611 1616 4670 873,
1634 4609 1784 4660 membran.
1805 4625 1861 4659 sec.
1880 4609 1914 4660 X.

731 4693 866 4745 foliorum
882 4691 975 4743 LXIV.
995 4691 1102 4742 Iormuc
1115 4694 1269 4760 quadratae
1286 4691 1419 4758 minoris,
1435 4693 1523 4746 lrabet
1538 4692 1569 4745 iu
1587 4692 1684 4759 quasis
1703 4692 1807 4761 pagina
1825 4693 1917 4745 lineas

730 4777 833 4829 XXIII.
848 4795 901 4830 non
918 4776 1034 4841 divisas,
1053 4775 1120 4829 stilo
1137 4778 1198 4829 sine
1215 4778 1275 4830 ullo
1291 4778 1386 4829 colore
1399 4778 1507 4843 ductas,
1524 4795 1641 4846 quarum
1658 4777 1750 4845 prima
1768 4782 1796 4829 et
1814 4777 1917 4830 ultima

727 4880 854 4931 quaeque
877 4862 1006 4923 excurrit,
1023 4862 1052 4913 in
1079 4862 1245 4930 marginem.
1281 4861 1410 4917 Continet
1432 4864 1717 4917 saturnaliorum
1741 4862 1830 4915 libros
1858 4869 1916 4915 tres

726 4965 815 5016 usque
837 4949 873 5002 ad
899 4948 950 5000 lib.
974 4947 1025 4999 III.
1049 4964 1072 4998 c.
1098 4950 1137 4997 1⁹.
1162 4947 1175 5011 I
1197 4950 1222 4998 5.
1257 4950 1357 5001 verus:
1392 4950 1472 5001 Vides
1491 4950 1535 5001 lss'c
1555 4959 1581 5003 et
1603 4951 1713 5002 dtrtesn
1735 4950 1870 5001 nominari
1892 4958 1917 5001 et

728 5036 825 5087 omnic.
861 5033 947 5087 Liber
964 5032 1103 5084 sccundus
1122 5048 1139 5083 a
1158 5031 1250 5098 primo
1267 5048 1322 5086 non
1345 5039 1502 5100 separatur.
1538 5035 1571 5086 In
1590 5034 1728 5101 principio
1748 5034 1815 5087 libri
1832 5035 1855 5085 I.
1873 5036 1916 5086 Ie-

725 5119 819 5188 gitnr:
919 5116 1169 5172 CONVIVICRVM
1194 5116 1302 5169 PRIMI
1330 5119 1408 5170 DIEI
1435 5117 1747 5173 snTqunuroavM
1774 5118 1916 5171 INCIPIT

724 5205 941 5270 FELICITER,
973 5211 1001 5257 et
1029 5206 1058 5257 in
1086 5202 1141 5254 fine
1169 5201 1239 5254 libri
1262 5203 1313 5256 Il.:
1422 5203 1676 5259 CONVIVIORVLI
1700 5204 1809 5257 PRIIII
1839 5204 1916 5256 IIIEI

725 5289 1034 5347 SATVRNALIORVM
1059 5286 1245 5343 EXPLICIT.
1282 5287 1368 5343 Liber
1388 5289 1457 5356 llL,
1489 5294 1520 5343 ut
1543 5289 1572 5343 in
1595 5288 1736 5357 principio
1755 5294 1785 5342 et
1808 5288 1838 5341 in
1859 5289 1916 5342 linc
