5092 6425
666 861 740 904 xxiv
1107 839 1444 912 PROLEGOMENA.

664 1007 882 1074 cccnxxxlv,
910 1009 1009 1063 eodem
1030 1026 1102 1064 anno
1126 1028 1181 1081 quo
1203 1011 1309 1067 dicitur
1333 1012 1421 1067 inisse
1442 1012 1600 1082 praefectus
1623 1011 1688 1065 urbi
1711 1011 1891 1081 designatus:

663 1095 720 1148 hac
746 1099 839 1148 autem
865 1096 1044 1164 praefectura
1071 1115 1134 1152 eum
1158 1099 1283 1152 iunctum
1307 1116 1370 1152 csse
1393 1099 1582 1167 intelligimus
1607 1115 1640 1150 cx
1666 1098 1808 1150 Ammiani
1829 1101 1891 1152 loco

664 1196 748 1248 quem
770 1195 855 1246 supra
879 1182 976 1250 posui,
995 1176 1096 1252 'neque
1123 1185 1176 1238 illo
1200 1185 1312 1253 quidem
1337 1201 1409 1237 anno
1435 1201 1489 1252 qno
1517 1200 1579 1236 cam
1608 1189 1721 1254 gereret
1748 1189 1889 1236 mortuum

668 1282 732 1319 esse
748 1266 842 1318 elucet
858 1282 892 1319 ex
910 1268 967 1321 alio
986 1268 1111 1323 ciusdem
1127 1272 1275 1340 scriptoris
1293 1272 1370 1334 loco,
1396 1271 1459 1336 (lib.
1479 1269 1605 1320 xxviii.
1621 1286 1644 1319 c.
1664 1270 1714 1333 1.)‚
1740 1269 1790 1320 ubi
1806 1270 1893 1321 Prac-

668 1355 791 1404 textatus
814 1366 853 1404 ex
871 1352 947 1404 urbi
967 1355 1154 1421 praelecto
1172 1355 1340 1426 deprecandi
1356 1371 1442 1407 cause
1460 1353 1564 1406 dicitur
1583 1353 1687 1404 missus
1707 1370 1770 1406 esse
1787 1353 1822 1406 ad
1839 1355 1893 1407 Vs-

666 1435 865 1489 lentinisnum·
902 1438 958 1506 Qui
975 1439 1004 1491 in
1022 1439 1207 1511 inscriptione
1224 1443 1276 1495 illa
1297 1440 1475 1494 nominantur
1493 1439 1605 1490 inerunt
1624 1438 1767 1502 consules,
1786 1438 1812 1491 si
1831 1456 1894 1491 ere·

666 1521 758 1575 dimus
783 1522 866 1576 iestis
887 1526 1082 1580 consularibus
1103 1527 1253 1581 in·0rcllii
1271 1526 1415 1580 onomast.
1434 1525 1513 1576 Tull.
1532 1525 1592 1576 Vol.
1610 1523 1660 1574 lll.
1678 1541 1705 1590 p.
1723 1540 1811 1590 cxxv,
1826 1524 1892 1576 enni

666 1606 899 1674 cccuxxxvss,
922 1627 1011 1679 neque
1029 1629 1101 1666 anuo
1117 1613 1281 1681 insequente
1297 1611 1370 1664 iuter
1388 1610 1518 1663 consules
1537 1616 1709 1661 memoretur
1726 1609 1891 1663 Praetexta-

667 1697 730 1760 tus,
751 1694 863 1748 videtur
886 1712 955 1766 ergo
977 1697 1028 1751 illo
1048 1697 1109 1767 ipso
1129 1714 1201 1751 anuo
1218 1697 1325 1751 obiisse
1344 1697 1418 1749 diem
1432 1713 1605 1762 supremum:
1634 1695 1683 1747 sed
1704 1693 1783 1757 vide,
1807 1711 1843 1746 ue
1862 1699 1892 1748 ut

668 1779 849 1846 Consularis,
876 1780 929 1834 ills
950 1789 1044 1836 aetate
1068 1783 1153 1836 etiam
1171 1783 1276 1837 consul
1301 1783 1465 1853 designatus
1490 1782 1563 1834 nihil
1588 1781 1676 1833 tuerit
1699 1779 1753 1831 nisi
1782 1779 1892 1832 titulus.

667 1865 758 1935 Alius·
775 1866 985 1931 Praetextatus,
1015 1869 1137 1922 tortasse
1161 1876 1256 1938 pater,
1285 1875 1329 1921 est
1349 1868 1374 1920 is
1400 1869 1506 1934 dequo
1534 1866 1701 1918 Laurentius
1728 1864 1825 1932 Lydus
1857 1866 1892 1917 de

666 1967 755 2005 mens.
772 1951 817 2004 lv,
835 1957 865 2004 2:
887 1945 918 2006 Ὁ
936 1949 966 2007 δὲ
986 1949 1198 2024 Πραιτὲξτατος,
1221 1954 1325 2022 inquit,
1344 1947 1360 2006 d
1377 1945 1565 2021 lepetpdnqed
1585 1946 1731 2019 Σωπάτρῳ
1747 1966 1776 2001 τε
1793 1950 1832 2022 τῷ
1849 1966 1891 2002 τε·

666 2035 745 2107 λεσυῇ
766 2037 814 2089 aul
832 2037 1030 2109 Κωνσταντίνῳ
1046 2039 1086 2113 τῷ
1106 2034 1290 2108 αὐτοκράτορι
1307 2033 1451 2106 musano
1467 2032 1512 2089 ἐπὶ
1527 2036 1569 2109 τῷ
1584 2036 1707 2107 πολισμῷ
1724 2034 1773 2102 τῆς
1795 2031 1889 2088 aridai-

665 2136 751 2186 μονος
769 2118 873 2190 ταύτης
887 2119 991 2185 πόλεως
1006 2129 1060 2178 cet.
1093 2125 1245 2178 Familiam
1270 2124 1331 2177 eius
1357 2122 1561 2176 nobilissimam
1587 2121 1677 2174 tuisse
1699 2121 1799 2173 blahul
1823 2121 1892 2176 dicit

666 2221 731 2257 cum
756 2205 822 2259 aliis
847 2209 991 2262 ex-rcbus
1017 2217 1075 2263 tum
1102 2209 1168 2263 inde
1198 2227 1281 2279 posse
1306 2208 1447 2278 intelligi,
1475 2208 1547 2275 quod
1566 2207 1672 2259 Paulus
1694 2206 1828 2275 Aringius
1856 2208 1891 2259 de

665 2288 756 2344 Muta
779 2293 962 2347 subterranea
985 2294 1052 2348 libri
1074 2295 1116 2347 lll
1138 2303 1223 2365 ceput
1242 2295 1315 2347 xvl.
1340 2293 1516 2362 inscripserit
1533 2293 1738 2346 coemeterium
1757 2292 1893 2345 Praetex-

667 2374 731 2428 tati.

732 2462 760 2513 b.
796 2462 831 2529 Q·
850 2461 1014 2517 Aurelius
1033 2465 1272 2536 Symmachus,
1297 2466 1331 2520 ad
1356 2482 1436 2533 quem
1460 2462 1545 2517 tertio
1570 2462 1616 2515 die
1635 2468 1824 2515 convenerunt
1843 2465 1892 2528 (el.

665 2544 721 2609 Ill,
743 2549 790 2610 20,
813 2551 844 2610 ὓς
871 2548 1039 2629 1ζ,8,11.),
1072 2552 1121 2604 lib.
1141 2552 1164 2603 l.
1186 2570 1210 2603 c.
1238 2555 1283 2604 24.
1334 2549 1486 2619 Virgilium
1515 2548 1640 2601 defendit
1667 2564 1684 2600 a
1711 2548 1892 2601 contumeliis

664 2631 813 2698 Evangeli
833 2631 882 2684 lib.
899 2632 935 2684 ll.
954 2637 1085 2703 proponit
1102 2642 1133 2688 ut
1151 2636 1294 2704 proterant
1308 2643 1433 2688 veterum
1449 2635 1572 2688 virorum
1589 2633 1676 2699 iocos,
1693 2634 1810 2703 ipseque
1827 2653 1893 2704 per·

665 2716 795 2783 sequitur
813 2715 890 2768 iocos
908 2718 1068 2784 Ciceronis,
1097 2728 1125 2773 et
1146 2722 1196 2773 lib.
1213 2722 1257 2774 lv,
1280 2721 1405 2789 loquitur
1421 2721 1454 2773 de
1472 2720 1686 2773 violentissimis
1704 2719 1827 2773 iuvantis
1845 2720 1891 2773 vel

664 2802 756 2854 sensis
774 2803 934 2857 rhetoricae
952 2806 1025 2873 apud
1047 2806 1213 2875 Virgilium,
1240 2814 1268 2859 et
1294 2807 1343 2858 lib.
1360 2806 1424 2872 Vll,
1447 2823 1471 2859 c.
1488 2811 1511 2859 1.
1531 2804 1741 2874 philosophiam
1760 2821 1776 2856 a
1795 2805 1892 2859 convi-

665 2886 721 2940 viis
741 2890 802 2942 vult
824 2888 927 2942 areeri.
961 2891 1140 2946 Praetextato
1161 2892 1211 2944 hic
1234 2893 1323 2945 multo
1346 2891 1437 2944 notior
1462 2898 1514 2944 est.
1549 2892 1676 2960 Reliquit
1694 2891 1768 2942 enirn
1793 2892 1890 2944 decem

668 2973 853 3041 epistolarum
879 2975 982 3042 libros,
1014 2977 1061 3045 qui
1091 2979 1125 3031 ud
1154 2995 1204 3030 nas
1235 2984 1438 3046 pervenerunt,
1464 2978 1624 3044 multasque
1643 2976 1758 3044 scripsit
1790 2976 1893 3028 oratio-

664 3076 728 3126 nes,
757 3077 875 3129 quarum
899 3060 1059 3131 fragmenta
1082 3065 1218 3131 quaedam
1237 3061 1347 3116 iovcnit'
1372 3067 1457 3129 atque
1481 3062 1509 3114 in
1532 3062 1626 3114 ludem
1649 3061 1738 3113 edidit
1762 3061 1890 3130 Angelus

664 3145 767 3199 Maius.
802 3144 857 3199 Sed
878 3149 967 3201 multo
985 3148 1141 3201 minoribus
1159 3166 1241 3218 quom
1257 3150 1468 3202 Praetextatum
1486 3165 1549 3200 eum
1574 3147 1707 3199 laudibus
1727 3145 1811 3197 cllert
1828 3147 1890 3198 hla-

663 3232 785 3287 cronius.
820 3232 946 3307 Namque
969 3234 1019 3287 lib.
1040 3234 1064 3288 Ι.
1086 3251 1147 3303 cap.
1166 3239 1190 3287 1.
1208 3235 1221 3302 ᾗ
1240 3239 1265 3287 4.
1289 3241 1388 3302 quarto
1408 3236 1519 3287 demum
1538 3236 1600 3286 loco
1617 3250 1680 3284 oum
1701 3233 1842 3294 nominat,
1861 3236 1890 3285 et

663 3326 813 3386 practerea
833 3325 940 3374 tantum
958 3319 1007 3373 lib.
1027 3320 1058 3371 V.
1076 3338 1136 3389 cap.
1157 3326 1181 3374 1.
1198 3323 1211 3388 q
1228 3328 1253 3373 t.
1288 3321 1452 3386 Eusebium,
1469 3319 1517 3373 ubi
1535 3320 1570 3372 de
1587 3323 1718 3385 quattuor
1735 3319 1888 3387 generibus

664 3403 777 3459 dicendi
795 3406 929 3474 loquitur,
946 3406 1016 3459 lacit
1029 3405 1184 3461 diceutemr
1201 3409 1308 3478 Pingue
1325 3415 1351 3461 et
1361 3408 1501 3475 floridum,
1517 3406 1546 3457 in
1564 3422 1614 3473 qao
1635 3404 1740 3456 Plinius
1754 3406 1890 3458 Secundus

664 3493 797 3559 quondam
822 3501 848 3546 et
874 3511 957 3547 nunc
985 3493 1080 3547 nullo
1101 3501 1243 3548 veterum
1264 3494 1372 3547 minor
1395 3486 1509 3546 noster
1532 3482 1741 3559 Symmocbui
1764 3490 1888 3544 lusoria-

665 3583 710 3629 tur
729 3577 781 3642 ¹⁸).

679 3662 682 3667 '
730 3660 772 3713 lie
790 3661 851 3715 cius
869 3653 928 3715 vita
947 3660 1019 3715 satis
1037 3662 1128 3715 multa
1149 3662 1230 3715 nobis
1251 3662 1356 3716 tradita
1375 3667 1441 3716 sunt
1458 3667 1486 3716 ct
1503 3662 1532 3713 in
1550 3661 1639 3730 ipsius
1658 3659 1787 3729 epistolis
1810 3666 1840 3712 et
1860 3660 1889 3712 in

663 3744 760 3797 codiee
777 3745 991 3813 Theodosiano,
1009 3763 1080 3814 queo
1097 3747 1276 3817 collegerunt
1293 3746 1422 3815 lleynius
1440 3746 1468 3799 in
1489 3748 1636 3813 „Censura
1653 3746 1761 3815 ingenii
1782 3751 1811 3797 et
1830 3763 1889 3798 mo-

661 3847 724 3884 rum
743 3832 777 3899 Q.
796 3831 903 3885 Aurelii
918 3830 1082 3900 Symmachi
1100 3850 1163 3885 cum
1183 3833 1414 3885 memorabilibus
1437 3850 1471 3887 ex
1490 3835 1552 3887 eius
1571 3834 1755 3902 epistularum
1775 3832 1888 3896 libris‚“

664 3918 783 3987 Opuscc.
802 3920 880 3971 acad.
898 3918 952 3970 vol.
969 3916 1014 3969 l'l.
1033 3934 1059 3985 p.
1075 3921 1088 3968 1
1102 3935 1174 3985 sqq.,
1192 3923 1220 3970 et
1237 3918 1362 3987 Angelus
1380 3920 1472 3973 Maius
1491 3920 1519 3973 iu
1537 3920 1713 3988 praelatione
1728 3920 1762 3971 ad
1781 3920 1815 3987 Q.
1833 3920 1890 3970 Au·

662 4002 728 4056 relii
745 4003 917 4073 Symmachi.
937 4005 968 4055 V.
985 4005 1016 4057 (i.
1039 4008 1100 4056 octo
1119 4003 1277 4056 orationum
1298 4004 1467 4057 ineditarum
1486 4012 1598 4075 partes,
1627 4022 1696 4073 quas
1720 4005 1811 4058 edidit
1828 4006 1889 4057 ble-

662 4088 771 4143 diolani
787 4092 977 4149 MDCGCXV.
1006 4094 1048 4141 6⁰.

731 4175 773 4229 lle
791 4177 852 4230 eius
875 4184 969 4232 aetate
992 4172 1084 4245 atque¹
1101 4174 1255 4228 honoribus
1278 4190 1378 4242 ponam
1398 4190 1490 4241 pauca
1511 4173 1613 4228 elllaii
1635 4174 1688 4227 illa
1712 4175 1890 4243 praefatione

661 4264 701 4329 (p.
719 4279 749 4315 n
766 4265 820 4331 aqi)
839 4270 985 4333 excerptas
1012 4262 1178 4328 „Generosa
1197 4260 1309 4313 familis
1325 4261 1433 4313 Romae
1450 4266 1542 4325 ortus,
1569 4259 1597 4312 in
1617 4277 1672 4327 qua
1690 4259 1889 4329 splendidissi-

660 4363 724 4400 mae
747 4348 902 4417 dignitates
923 4365 1010 4416 saepe
1030 4347 1203 4410 floruerunt,
1232 4345 1383 4399 maximum
1402 4352 1494 4398 tomen
1517 4346 1579 4413 ipso
1597 4345 1696 4413 stirpis
1715 4361 1784 4397 suaa
1796 4345 1889 4399 ‚decus

659 4432 728 4497 init,
754 4438 838 4502 atque
859 4423 1016 4489 innumeris
1036 4430 1191 4484 honoribus
1213 4437 1357 4508 saturatuq
1378 4437 1430 4484 est.
1478 4429 1548 4484 Nom
1572 4436 1600 4482 et
1621 4437 1754 4498 quaestor
1777 4429 1833 4483 tuit
1859 4434 1889 4482 et

658 4522 773 4585 praetor
793 4523 821 4570 et
837 4516 978 4571 Lucaniae
995 4516 1226 4582 Bruttiornmque
1245 4521 1399 4571 corrector:
1420 4523 1478 4569 tum
1496 4516 1620 4570 Africam
1640 4533 1691 4586 pro
1710 4515 1827 4568 consule
1843 4531 1889 4566 re-

658 4601 716 4668 xit,
731 4618 787 4669 qua
804 4604 832 4655 in
853 4602 997 4672 provincia
1015 4609 1122 4655 statuas
1141 4617 1250 4668 quoque
1266 4602 1382 4655 virtutis
1401 4620 1470 4671 ergo
1485 4602 1649 4670 promeruit.
1684 4603 1822 4654 Aeternee
1840 4617 1889 4651 ur-

657 4687 704 4740 bis
726 4689 933 4756 praetenturam
949 4689 1044 4757 quieto
1064 4688 1154 4740 eidem
1172 4693 1201 4738 ct
1217 4687 1273 4739 iam
1292 4687 1400 4756 pridem
1419 4704 1436 4739 n
1454 4688 1604 4747 desideriis
1623 4688 1759 4740 honorum
1780 4691 1889 4740 remota

658 4773 872 4828 Valentinianus
898 4775 995 4828 lunius
1019 4777 1119 4842 sponte
1149 4772 1258 4826 detulit.
1300 4771 1481 4827 ordinarium
1505 4777 1574 4844 quin
1597 4772 1683 4842 ¹etiam
1709 4772 1888 4825 consulatum

663 4920 1070 4934 m

726 4998 772 5058 ιο)
790 4996 919 5050 Aliorum
941 4999 977 5050 de
998 5015 1032 5050 eo
1052 4996 1160 5051 iudicia
1184 5014 1238 5051 non
1266 4991 1359 5051 minus
1384 4998 1836 5067 oploootoosfforsoog.u1oios
1858 4996 1887 5049 in

651 5063 831 5185 praefatione
848 5066 961 5119 adeius
979 5065 1136 5148 orationum
1154 5064 1324 5149 ineditarum
1340 5075 1435 5134 partes
1452 5085 1478 5133 p.
1495 5067 1508 5118 l
1525 5085 1585 5134 sqq.
1600 5067 1675 5150 ..see
1690 5068 1779 5151 nliter
1798 5067 1832 5118 do
1854 5082 1888 5119 aa
1917 5076 1921 5084 '

664 5133 762 5186 adrcat
782 5133 927 5198 Erasmus,
947 5151 995 5217 qur
1013 5151 1040 5185 ru
1059 5134 1246 5187 Ciceroniano
1263 5140 1305 5201 (p.
1321 5138 1393 5197 141.)
1410 5133 1574 5202 Bulaphoro
1593 5137 1713 5188 dreeutrs
1733 5136 1788 5201 „At
1804 5134 1888 5202 Sym-

653 5200 832 5255 machum.in
852 5202 982 5325 e‘pistolrs
1005 5207 1139 5271 argutum
1157 5201 1333 5255 admiruntur
1352 5202 1496 5325 qgidem‚“
1530 5205 1697 5285 respondet:
1718 5203 1887 5271 „Admircn-

654 5275 708 5335 tur,
723 5269 825 5340 quibus
844 5271 940 5326 sudio
957 5276 1002 5325 est
1018 5271 1138 5325 molesta
1155 5269 1349 5340 potiusquam
1386 5287 1439 5325 ena
1454 5270 1578 5325 diceros·
