5092 6425
771 879 909 949 coitu.
930 877 976 949 IN
997 875 1124 948 SOMN.
1145 874 1244 946 sule.
1287 878 1363 945 ΗΒ.
1384 880 1408 945 Ι.
1451 879 1542 949 GAP.
1562 882 1648 949 xut
1669 883 1752 951 XIV.
1804 884 1846 951 79

669 1049 814 1140 passione
834 1049 948 1117 vinciat
968 1069 1003 1115 ac
1021 1049 1163 1117 retardet
1205 1047 1271 1118 Nec
1292 1047 1375 1128 dicit,
1396 1050 1490 1136 quod,
1513 1051 1572 1116 nisi
1592 1074 1676 1119 mors
1695 1056 1843 1123 naturalis

669 1136 843 1214 advenerit,
863 1135 961 1201 emori
983 1157 1046 1202 non
1066 1134 1194 1222 poteris;
1222 1135 1292 1214 sed,
1316 1133 1378 1201 huc
1398 1137 1503 1203 venire
1522 1158 1586 1203 non
1608 1140 1733 1224 poteris.
1774 1143 1894 1210 Nisilii

672 1227 752 1290 enim
772 1245 840 1288 eum
861 1222 949 1299 deae,
975 1221 1092 1308 inquit,
1120 1222 1185 1284 istis
1205 1232 1233 1286 tc
1253 1223 1392 1308 corporis
1410 1222 1551 1288 matodiir
1572 1225 1755 1304 liberaverit,
1784 1227 1893 1310 boatu]

669 1311 728 1375 tibi
747 1309 847 1375 aditus
862 1319 968 1394 potere
987 1329 1051 1372 aon
1070 1316 1181 1394 potest:
1222 1306 1294 1391 quia
1321 1306 1378 1371 scit
1404 1306 1464 1372 iam
1495 1319 1636 1394 receptus
1663 1311 1696 1375 in
1723 1313 1842 1380 caelum
1927 1379 1929 1384 ,

670 1396 730 1461 nisi
765 1393 917 1479 perfectae
943 1392 1070 1479 puritati
1105 1391 1244 1456 caelestis
1280 1390 1446 1457 habitaculi
1478 1394 1597 1460 aditum
1632 1418 1696 1461 non
1728 1405 1842 1482 patere.

669 1480 750 1553 Pari
768 1487 873 1545 autem
902 1478 1074 1544 constantia
1102 1498 1186 1542 mors
1213 1496 1270 1542 nec
1296 1477 1423 1542 veniens
1452 1499 1507 1565 per
1535 1488 1677 1547 naturam
1706 1483 1842 1550 timenda

670 1575 732 1646 est,
765 1587 822 1631 nec
844 1572 952 1630 contra
973 1564 1113 1628 ordinem
1141 1562 1278 1647 cogenda
1301 1570 1439 1628 naturae.
1494 1564 1544 1629 Ex
1565 1564 1613 1631 his
1640 1588 1720 1652 quae
1738 1569 1893 1641 Plato-ao

668 1674 740 1718 nem
761 1671 903 1737 quaeque
922 1648 1081 1714 Plotinum
1108 1647 1146 1712 de
1173 1647 1345 1714 voluntaria
1371 1655 1471 1713 morte
1498 1652 1714 1735 pronuntiasse
1734 1655 1841 1720 retuli·

669 1759 739 1890 tque
765 1736 843 1802 nihil
870 1735 905 1800 in
934 1734 1037 1802 verbis
1067 1733 1239 1801 ciceronis·
1252 1733 1367 1821 quibus
1391 1733 1472 1800 hanc
1496 1736 1641 1823 probibet
1669 1741 1841 1807 remanebit

669 1843 846 1888 oscumm.

755 1908 840 1974 xlv.
882 1903 943 1971 Sed
964 1904 1016 1970 illa
1042 1903 1136 1971 rerba
1164 1923 1244 1990 quae
1276 1910 1399 1990 praeter
1425 1903 1486 1972 boc
1510 1913 1584 1974 sunt
1611 1906 1727 1976 inserta
1753 1931 1840 1998 repe·
1872 1918 1888 1983 l

668 2001 785 2060 umus:
821 1992 966 2058 Homines
986 1992 1066 2056 caim
1085 2000 1157 2055 sunt
1175 1991 1233 2057 bac
1249 1990 1315 2076 iope
1335 1995 1485 2076 pancrati,
1510 1996 1565 2080 qui
1582 2004 1737 2062 tuerentur
1756 1998 1841 2064 ellum

667 2080 795 2166 plebum,
814 2099 901 2166 qoem
919 2076 1078 2163 intemplo
1098 2075 1154 2141 boc
1169 2075 1301 2141 medium
1318 2076 1410 2154 eides,
1431 2099 1507 2164 quae
1526 2089 1611 2144 terra
1629 2080 1759 2148 dicebar:
1778 2083 1840 2149 bie·

669 2189 725 2252 que
746 2166 867 2230 animus
888 2164 976 2229 datur
998 2174 1040 2228 ert
1058 2185 1097 2227 ec
1118 2162 1178 2226 atta
1197 2163 1386 2247 sempiternis
1406 2163 1543 2247 ipatius,
1583 2186 1660 2252 qaae
1685 2166 1787 2232 eidem
1814 2179 1841 2234 et

668 2251 765 2315 stellare
778 2250 901 2325 vocatia
975 2270 991 2313 e
1006 2248 1143 2339 qloboeae
1161 2258 1189 2311 et
1205 2247 1362 2325 rotundae,
1384 2246 1497 2312 dietari
1515 2249 1666 2316 animatae
1685 2255 1839 2331 meatibus,

669 2338 765 2402 circos
783 2357 854 2399 oros
876 2356 913 2399 or
929 2355 1014 2421 esque
1037 2333 1198 2420 carificiont
1222 2332 1527 2401 eeleritatemirabrb'.
1582 2335 1631 2400 De
1657 2343 1754 2416 terra,
1783 2358 1840 2404 cur
1867 2341 1889 2406 2

669 2421 779 2507 globus
798 2419 917 2485 dicatur
938 2441 970 2483 m
990 2419 1092 2485 medio
1113 2417 1230 2483 mundo
1249 2417 1384 2504 positus,
1402 2418 1525 2504 plenius
1543 2418 1743 2501 disseremus,
1766 2443 1838 2490 cum

669 2507 707 2572 de
735 2527 846 2572 novem
875 2503 1012 2590 sphaeris
1040 2505 1213 2589 loquemur.
1268 2504 1353 2570 Bene
1382 2512 1486 2569 autem
1512 2504 1675 2572 universus
1703 2509 1838 2575 mundus

667 2592 716 2657 dci
744 2592 894 2689 templum
917 2597 1046 2656 vocatur
1066 2597 1193 2675 propter
1210 2588 1280 2654 illos
1304 2588 1358 2676 qui
1379 2589 1544 2656 aestimant
1565 2591 1641 2656 nihil
1662 2613 1729 2658 esse
1753 2593 1835 2660 aliud

643 2679 758 2743 deum
788 2677 846 2741 msi
866 2676 985 2742 caelum
1007 2675 1108 2760 ipsum
1132 2682 1164 2740 et
1186 2675 1327 2740 caelestia
1349 2674 1407 2741 ista
1435 2697 1515 2761 quae
1537 2678 1701 2743 cernimus.
1750 2679 1886 2764 lampa]

664 2771 700 2829 ut
721 2761 833 2828 summi
854 2761 1111 2847 omnipotentiam
1133 2759 1183 2830 dei
1203 2761 1380 2826 ostenderet
1400 2782 1491 2846 posse
1509 2761 1562 2828 vix
1581 2761 1728 2848 intellegi,
1748 2787 1838 2832 num·

666 2870 758 2935 quam
786 2845 899 2924 videri,
931 2845 1079 2996 quicquid
1100 2845 1236 2911 humano
1264 2845 1415 2913 subicitur
1439 2846 1576 2946 aspectui
1597 2850 1748 2935 templum
1769 2851 1837 2918 eius

663 2933 784 3001 vocavit
817 2932 871 3019 qui
903 2951 969 2998 soa
996 2938 1100 2996 mente
1129 2929 1316 3017 concipitur:
1359 2939 1396 2998 ut
1426 2952 1480 3018 qm
1511 2932 1588 3000 haec
1611 2943 1777 3001 veneratur
1800 2943 1838 3003 ut

663 3019 779 3107 templa
800 3017 917 3082 cultum
938 3024 1043 3082 tamen
1064 3017 1233 3081 maximum
1252 3015 1364 3082 debeat
1383 3017 1550 3097 conditori,
1592 3019 1730 3105 sciatque
1750 3022 1835 3106 quis·

664 3105 733 3193 quis
761 3103 795 3169 in
821 3123 914 3170 usum
936 3101 1044 3191 templi
1063 3101 1157 3169 huius
1181 3101 1338 3169 inducitur
1362 3100 1426 3169 ritu
1451 3103 1510 3169 sibi
1539 3102 1706 3171 vivendum
1735 3126 1834 3174 sacer·

1459 3311 1544 3375 [lidd.
1564 3310 1769 3380 rieahgepdzb.

664 3405 707 3454 lo.
742 3395 969 3465 aeeeerioeieque
985 3396 1039 3450 111.
1057 3422 1091 3438 -
1109 3396 1232 3450 eomerit
1250 3396 1323 3449 Bae.
1341 3421 1376 3435 -
1390 3394 1437 3447 red
1513 3397 1614 3465 poterii
1626 3412 1680 3447 orn.
1699 3396 1751 3448 Bl.

664 3475 707 3522 19.
743 3469 808 3519 deae
825 3465 911 3533 inquit
928 3472 996 3526 (om.
1012 3469 1085 3527 cem)
1102 3464 1174 3521 Bur.
1209 3466 1296 3533 inquit
1313 3480 1373 3517 eam
1389 3464 1455 3516 deur
1472 3480 1534 3535 r—g.
1550 3492 1582 3503 -
1602 3465 1729 3518 ermodito
1745 3481 1837 3535 eorpo-

652 3540 703 3599 ,rie
720 3535 772 3587 Rl.
792 3559 821 3572 -·
840 3534 943 3587 aditura
959 3534 1106 3585 babitoeali
1124 3534 1176 3585 Rb.

734 3602 809 3685 xit..
848 3603 936 3668 Caput
954 3601 981 3652 X
984 3602 1030 3683 Ψ.
1070 3603 1124 3653 Car
1144 3599 1258 3681 reaudire
1274 3598 1322 3681 'bie
1343 3598 1482 3651 arieneos
1501 3599 1553 3652 Dei
1573 3604 1679 3653 oeeetar
1698 3600 1839 3669 ternplum:

662 3668 1584 3793 tttttt‘ttttttttttt'rttttttt,tettttltttt
1598 3669 1836 3805 ttttttttt

662 3810 730 3860 inter
748 3809 852 3860 atellam
868 3813 895 3859 et
911 3804 985 3871 (cing
1001 3808 1048 3864 ae)
1063 3805 1138 3857 cidare
1151 3805 1268 3858 intersit:
1290 3804 1355 3872 quid
1371 3803 1499 3872 epbaere,
1516 3805 1582 3873 quid
1598 3804 1682 3871 arbit,
1735 3806 1764 3857 id
1780 3807 1834 3858 eir·

661 3894 720 3928 eas.-
751 3877 845 3928 atellae
861 3881 980 3927 mantea
997 3872 1069 3924 unde
1085 3889 1180 3925 nomen
1203 3873 1359 3940 acceperint.
1387 3870 1466 3924 eir-b.
1636 3875 1661 3924 1.
1711 3874 1833 3941 leminea]

662 3943 756 3995 Somn.
774 3943 830 4002 lli,
848 3944 874 3993 4.
895 3968 922 3980 ·-
949 3941 1000 3992 bae
1016 3941 1041 3992 lc
1064 3956 1077 3991 e
1093 3939 1218 4009 generati
1232 3948 1294 3993 sunt
1310 3938 1341 3991 F.
1359 3967 1394 3979 -
1415 3940 1491 3991 illam
1508 3941 1644 3991 temtatur
1656 3940 1765 4009 globum
1781 3942 1833 3995 RL

659 4019 795 4066 inereretur
811 4011 888 4062 iilum
902 4008 1013 4078 globum
1055 4011 1081 4057 2.
1100 4034 1135 4045 —
1150 4008 1277 4077 globosae
1291 4015 1388 4075 atque
1403 4008 1533 4060 rotundae
1549 4006 1627 4074 ichg.
1661 4010 1792 4061 rotundae
1808 4018 1834 4062 et

661 4081 788 4149 globosae
808 4094 834 4129 u.
854 4103 889 4116 -
914 4093 951 4128 ee
973 4075 1073 4127 divinit
1096 4074 1169 4126 But·
1190 4101 1223 4113 -
1249 4076 1380 4127 circulor
1404 4090 1466 4142 ug·
1635 4078 1662 4125 2.
1697 4075 1726 4126 ia
1745 4076 1832 4127 medio

662 4153 731 4207 (om.
750 4146 862 4203 mundo)
879 4142 914 4194 G.
933 4169 968 4181 -
990 4142 1132 4211 loquimar
1152 4142 1223 4194 Bae.
1246 4168 1280 4181 -
1304 4142 1473 4194 existimaret
1494 4139 1576 4207 Sag.
1596 4166 1631 4179 -
1650 4140 1734 4192 eiebii
1755 4143 1833 4194 eliud

661 4230 716 4265 cere
733 4214 782 4263 tu.
800 4238 834 4249 -
852 4227 947 4277 quarn
964 4212 1049 4263 celum
1064 4210 1134 4261 Bau.
1153 4237 1187 4250 ·-
1204 4210 1311 4262 celestia
1328 4210 1388 4276 ipra
1405 4208 1475 4259 Bne.
1495 4236 1524 4246 -
1542 4224 1670 4258 rammam
1687 4208 1730 4260 dei
1746 4209 1833 4260 omui·

679 4281 804 4332 atentiam
828 4280 878 4329 Ri.
902 4303 935 4317 -
956 4294 1102 4344 numquam
1119 4278 1205 4329 rideri
1224 4277 1247 4328 F
1265 4277 1300 4343 (S
1317 4274 1537 4345 numquamque)
1553 4273 1831 4328 Rimas-afflare.

658 4299 730 4401 ban.
764 4361 898 4413 nonquam
910 4361 1006 4411 pesae
1022 4346 1109 4397 videri
1124 4345 1237 4398 u-ut’u.
1272 4345 1375 4410 „Perre
1392 4341 1418 4395 ei
1436 4359 1490 4394 nou
1507 4342 1621 4407 melius,
1634 4348 1665 4394 at
1681 4347 1758 4394 certe
1776 4360 1832 4397 non

660 4415 740 4483 peine
757 4414 838 4465 abeat
854 4428 871 4465 e
889 4412 972 4464 libri·
989 4412 1139 4465 retortis.“
1165 4414 1251 4466 Gron.
1273 4440 1308 4453 ·-
1330 4411 1426 4479 templi
1442 4411 1499 4463 eine
1516 4410 1589 4462 Bae.
1608 4436 1642 4450 -
1665 4419 1750 4464 neate
1767 4429 1831 4465 eore-

655 4484 787 4555 epicitur
803 4480 875 4533 Bam.
894 4480 953 4543 (iifl
970 4496 1032 4549 rap.
1049 4481 1173 4550 eoeeip.).
1190 4508 1217 4521 -
1236 4482 1283 4550 qai
1299 4486 1440 4534 emautur
1455 4486 1486 4533 et
1502 4481 1600 4550 templa
1614 4478 1679 4532 baec
1692 4478 1724 4532 F.
1741 4507 1770 4519 -
1789 4481 1833 4533 io-

696 4676 737 4725 Ῑθ.
775 4672 831 4727 Nec
854 4670 934 4736 dicit,
961 4668 1090 4739 quod...
1111 4668 1220 4738 poteria]
1271 4666 1449 4722 coniunctiro
1466 4667 1637 4734 11‚o,tr.;
1671 4666 1831 4735 11,r‚r.;

658 4740 708 4795 Sic
727 4741 841 4808 caepio·
861 4737 1023 4792 Macrobioe
1045 4736 1134 4791 utitur
1156 4752 1222 4805 par·
1270 4736 1330 4790 Set.
1347 4737 1370 4801 Ι,
1391 4739 1432 4800 lt,
1449 4738 1509 4799 2³&
1535 4735 1573 4799 11,
1590 4736 1617 4799 4,
1633 4737 1693 4802 25.;
1717 4736 1768 4802 111,
1785 4741 1830 4805 20,

658 4810 746 4864 ticula
761 4810 831 4878 qnod
847 4825 910 4860 cum
926 4804 1088 4869 indicativo,
1108 4822 1158 4874 pro
1171 4821 1219 4858 uc·
1269 4809 1311 4867 23
1334 4804 1366 4867 V,
1385 4808 1428 4870 1⁹,
1446 4803 1566 4868 1.;-vlt,
1586 4806 1628 4868 li,
1646 4807 1672 4856 b.

659 4878 786 4931 cueatiro
804 4893 866 4929 cum
886 4874 1041 4939 infinitivo,
1063 4880 1095 4926 nt
1116 4890 1140 4926 o.
1159 4890 1219 4940 aeq.
1303 4872 1380 4935 xlv,
1401 4876 1428 4926 2.
1467 4872 1514 4939 qui
1533 4872 1676 4925 aestimant
1690 4871 1759 4925 nibil
1775 4887 1831 4927 cete

681 4941 1217 5009 3.;1‚21,1r.;tt,o‚20.311,1³‚r.;
1269 4940 1347 4993 alind
1368 4942 1445 4992 deam
1465 4940 1519 4992 aiei
1539 4940 1641 4992 coelam
1661 4938 1758 5008 ipram]
1784 4940 1828 4993 Gi.

674 5013 838 5078 t,1o‚24.;
873 5011 932 5065 snt.
953 5009 980 5077 i,
999 5012 1093 5074 4,9.;
1129 5008 1218 5074 Lib,
1267 5007 1344 5060 Plin.
1369 5006 1402 5060 N.
1422 5008 1459 5059 fl.
1484 5007 1527 5071 ll,
1556 5006 1620 5059 init.
1650 5007 1780 5059 Mundum
1802 5015 1827 5061 et

657 5086 693 5147 a,
709 5088 737 5133 et
755 5078 919 5149 praemissis
935 5076 1156 5146 pronominibus,
1170 5076 1219 5128 boe
1268 5076 1330 5139 boe,
1362 5077 1542 5143 quodcumque
1560 5075 1667 5128 nomine
1687 5076 1743 5127 elio
1764 5092 1827 5127 cae-

658 5148 681 5210 1,
698 5154 742 5212 20,
761 5154 816 5211 1e;
838 5148 898 5200 Set.
914 5147 967 5211 ΙΙΙ,
986 5148 1012 5211 a,
1031 5148 1088 5207 tn,
1112 5144 1171 5203 vlt,
1190 5148 1217 5206 6,
1269 5143 1323 5196 luae
1342 5144 1478 5212 appellare
1495 5143 1584 5205 libuit,
1658 5158 1755 5194 aarum
1772 5159 1827 5195 cere

659 5216 888 5280 1³.;vt1,r,o.;
907 5210 1217 5279 v11‚1o‚1a.;tosm.
1268 5211 1475 5279 credipotest,
1505 5214 1533 5261 et
1550 5209 1587 5260 ib.
1605 5213 1635 5271 t,
1657 5225 1680 5261 a.
1698 5214 1724 5260 5.
1745 5211 1825 5275 Quis·

656 5282 679 5349 1,
690 5286 716 5348 4,
727 5287 784 5348 tu,
803 5282 872 5335 iliad
887 5281 948 5336 Sat.
966 5280 990 5348 1,
999 5285 1026 5347 1,
1039 5282 1093 5344 33,
1107 5283 1137 5333 et
1154 5295 1218 5334 eum
1267 5279 1327 5349 qaia
1343 5285 1383 5335 eet
1401 5279 1482 5343 Deua,
1499 5278 1524 5331 ei
1540 5278 1617 5331 node
1632 5283 1672 5331 eet
1685 5278 1766 5333 aliae.
