5092 6425
1051 892 1109 960 DE
1131 889 1272 958 VERBO
1298 888 1388 958 dir.
1409 891 1434 956 1.
1768 891 1829 962 281

610 1072 618 1111 ¹
660 1073 731 1137 rat,
764 1071 803 1121 ut
830 1068 896 1120 liat
920 1067 1043 1131 pictura,
1074 1078 1130 1116 non
1153 1065 1208 1116 iam
1226 1076 1293 1115 esse
1312 1063 1458 1128 designat3
1492 1067 1521 1115 et
1544 1063 1591 1128 qul
1608 1066 1833 1128 pronuntiaverit

610 1160 619 1201 ι
659 1154 762 1206 atinam
780 1154 927 1222 pingerem,
946 1156 1039 1203 votum
1060 1149 1114 1200 sibi
1133 1163 1167 1200 ao
1189 1149 1356 1200 desiderium
1373 1151 1462 1200 adbuc
1480 1149 1586 1200 indicat
1601 1163 1667 1201 esse
1684 1153 1832 1218 pingendi3

610 1246 618 1295 ¹.
660 1240 706 1302 qrri
724 1238 792 1289 dicit
810 1253 866 1288 cam
884 1237 1012 1304 pingam,
1044 1235 1160 1298 pingere
1178 1247 1210 1284 se
1229 1234 1353 1285 ostendit
1370 1235 1422 1284 sub
1439 1234 1614 1285 condicionis
1628 1235 1755 1299 incerto,
1785 1237 1831 1305 qui

610 1319 617 1369 l
656 1325 783 1391 pingere,
803 1321 870 1371 nibil
887 1323 976 1371 adbuc
995 1319 1042 1384 agi
1061 1332 1097 1369 ex
1114 1319 1177 1382 ipsa
1195 1319 1304 1381 pictura
1321 1321 1503 1368 demonstrat.
1542 1319 1612 1368 illud
1632 1332 1743 1383 quoque
1759 1320 1832 1371 indi·
1850 1323 1883 1371 lu

610 1408 617 1455 i
659 1408 754 1457 estivo
775 1405 873 1455 detulit
891 1405 1089 1470 principatum,
1124 1404 1196 1466 'qrmd
1215 1416 1250 1453 ex
1268 1405 1322 1452 boc
1341 1402 1500 1453 verbaalia
1519 1403 1695 1469 derivantur,
1727 1397 1832 1456 utoind
1966 1392 1969 1397 ¹

610 1494 615 1543 1
657 1489 709 1540 τοῦ
728 1491 788 1557 lego
809 1489 917 1539 lecturio
936 1490 1001 1539 lecto
1020 1488 1122 1548 lectito,
1154 1479 1209 1537 sind
1229 1485 1281 1537 τοῦ
1300 1485 1373 1536 sulec
1393 1486 1505 1548 colesea,
1532 1500 1658 1550 quaeque
1676 1489 1831 1541 huiuamodi

610 1591 613 1625 l
658 1579 734 1638 sunt,
752 1578 780 1624 et
799 1572 862 1636 quia
881 1572 992 1621 nomina
1010 1585 1120 1635 quoque
1136 1570 1273 1621 verbialia
1292 1584 1327 1621 ex
1347 1572 1400 1621 boo
1417 1571 1552 1637 orientur,
1569 1575 1600 1622 ut
1614 1563 1670 1621 ἀπὸ
1686 1571 1736 1622 rori
1754 1580 1832 1626 santo

658 1665 759 1720 cantor,
776 1649 831 1706 sind
852 1655 902 1706 rori
922 1657 983 1724 tego
1000 1656 1050 1717 tes,
1067 1648 1123 1704 oieb
1141 1653 1196 1706 τοῦ
1210 1655 1287 1722 parsi
1301 1655 1478 1723 parsimonia.

726 1743 780 1801 (7.)
805 1741 949 1790 Personas
967 1740 1078 1790 easdem
1098 1754 1167 1802 qrras
1188 1738 1290 1790 Graeci
1308 1738 1478 1801 totidemque
1503 1738 1623 1802 suscipit
1643 1741 1765 1792 natrrrali
1783 1755 1832 1794 ra-
1849 1744 1882 1793 13

657 1825 753 1887 tioue;
789 1823 880 1873 omnis
898 1823 969 1873 enlm
988 1836 1080 1874 sermo
1099 1825 1133 1874 ab
1158 1824 1253 1886 aliquo
1271 1824 1306 1873 ad
1326 1829 1501 1886 praesentem
1518 1825 1568 1876 ‚rel
1589 1825 1624 1874 de
1644 1837 1676 1875 se
1698 1824 1829 1891 Invicem,

659 1911 707 1959 vel
724 1910 758 1958 de
777 1909 868 1958 altero
886 1908 1017 1970 babetur3
1046 1907 1111 1958 ideo
1131 1914 1222 1959 autem
1240 1906 1353 1971 primam
1372 1908 1488 1959 dicimus
1507 1909 1735 1974 praeloquitur,
1761 1924 1833 1974 quo·

658 1993 749 2059 uiam,
767 1992 823 2042 nisi
842 1991 927 2042 luerit
944 2004 962 2042 a
980 1994 1034 2055 quo
1052 2006 1110 2043 vox
1125 1989 1340 2058 proficiscatur,
1355 2005 1411 2044 nan
1432 1993 1485 2044 erit
1504 1993 1549 2056 qul
1569 1992 1603 2044 de
1622 2006 1654 2043 se
1673 1995 1719 2044 vel
1737 1995 1771 2045 de
1789 1997 1832 2045 al-

658 2081 720 2127 tero
740 2076 832 2139 possit
850 2075 955 2126 audire.
1362 2118 1369 2132 ,

726 2162 780 2221 (Θ.)
802 2161 844 2210 De
863 2159 985 2211 numeris
1005 2172 1072 2210 vero
1092 2158 1261 2223 superfluum
1280 2159 1374 2224 loqui,
1394 2171 1455 2210 cum
1474 2161 1538 2223 plus
1557 2173 1638 2224 quam
1656 2161 1831 2214 notissimum
1850 2164 1883 2214 rt

657 2245 696 2295 sit
714 2246 821 2296 dualem
841 2258 875 2295 ex
892 2245 950 2295 illis
968 2257 1049 2296 nsum
1067 2245 1215 2307 respuisse
1237 2247 1405 2310 Romanum,
1422 2257 1476 2295 nec
1498 2245 1610 2296 omnino
1630 2259 1728 2298 vocem
1745 2248 1830 2298 ullam

657 2330 728 2391 apud
751 2329 819 2380 illos
840 2343 926 2392 posse
954 2328 1091 2394 repperiri
1117 2343 1188 2392 utrae
1212 2330 1375 2381 dualitatem
1404 2328 1548 2380 contineat
1578 2335 1691 2393 praeter
1726 2330 1779 2382 duo
1802 2338 1832 2383 et

657 2414 746 2476 umbo,
778 2417 806 2464 et
827 2415 898 2477 qrrod
916 2415 950 2463 dc
968 2414 1068 2464 merito
1090 2414 1238 2477 utrubique
1256 2426 1274 2464 a
1293 2414 1491 2477 singularitate
1509 2414 1672 2478 incipimus3
1709 2414 1740 2465 si
1759 2415 1830 2465 euim

658 2498 765 2548 omnis
784 2498 974 2549 multitudo
995 2510 1036 2547 cx
1057 2498 1210 2563 singulis
1229 2503 1388 2561 constat,
1421 2502 1519 2550 recte
1537 2499 1658 2551 unitas
1675 2499 1830 2565 praecedit,

657 2583 785 2645 sequitur
802 2583 1039 2645 populositas.

725 2666 778 2726 (a.)
798 2670 934 2730 superest
953 2671 983 2717 ut
1000 2669 1038 2717 de
1056 2665 1185 2731 liguris
1203 2667 1308 2731 ailquid
1327 2667 1513 2730 disseramus,
1546 2678 1617 2730 quac
1636 2677 1699 2716 cum
1717 2667 1829 2717 eaedem
1850 2669 1882 2717 15

655 2750 728 2812 apud
745 2756 881 2816 utrosque
898 2752 1104 2814 repperiantur,
1115 2752 1239 2803 nonnihil
1258 2758 1349 2804 tamen
1366 2751 1537 2814 peculiarius
1550 2752 1651 2801 babere
1665 2757 1831 2802 noscuntur.

655 2834 687 2882 lu
707 2836 950 2898 conpositionibus
969 2835 1086 2899 denique
1105 2839 1186 2887 sunt
1205 2837 1391 2902 quaedam,
1427 2848 1511 2900 quae
1534 2839 1682 2898 possunt
1700 2836 1736 2885 ad
1763 2835 1832 2886 sim-

656 2917 808 2977 plicitatem
831 2920 953 2988 reverti,
983 2923 1015 2970 ut
1036 2920 1155 2971 distrabo
1176 2929 1281 2989 repetoe
1314 2927 1380 2973 sunt
1400 2935 1472 2986 quiae
1496 2919 1605 2971 minime
1630 2923 1767 2986 possunt,
1794 2924 1831 2971 ut

656 3001 804 3067 suscipio
827 3004 1017 3070 eonpieetor
1043 3004 1194 3071 amplector.
1230 3008 1321 3057 Multa
1344 3013 1426 3069 post
1457 3004 1746 3066 conpositionem
1775 3006 1832 3055 ad·

656 3083 767 3134 missa
786 3090 877 3150 sunt,
896 3098 968 3136 cum
989 3085 1252 3148 simplicianum
1270 3093 1393 3139 esseut
1412 3092 1573 3151 recepta,
1592 3088 1752 3150 utfaeior
1770 3101 1831 3139 cum

656 3168 765 3220 minime
788 3169 898 3221 dicatur
923 3170 971 3233 (ab
996 3181 1030 3220 eo
1049 3170 1121 3220 enim
1145 3172 1218 3233 quod
1236 3176 1283 3222 est
1305 3172 1377 3231 tario
1398 3172 1542 3236 passivum
1563 3182 1619 3221 non
1639 3171 1726 3233 fusior
1744 3171 1831 3237 venit,

657 3254 758 3318 sedfio
769 3256 809 3319 fis
819 3254 887 3318 fit),
919 3259 1010 3305 tamen
1031 3254 1176 3319 adficior
1191 3255 1295 3320 reficiar
1313 3255 1435 3321 conficior
1452 3256 1554 3317 optime
1572 3254 1687 3318 dicitur,
1723 3256 1831 3305 etcum

656 3353 764 3405 grego
781 3338 910 3388 Latinum
928 3352 983 3390 nou
1008 3338 1060 3403 sit,
1091 3354 1206 3407 segrego
1227 3355 1399 3408 congrego
1423 3340 1547 3408 adgrega
1570 3336 1738 3389 suavissime
1760 3336 1832 3387 dici-

658 3428 711 3473 tur.
754 3416 832 3485 lpus
855 3424 983 3474 Graecos
1015 3435 1207 3486 quaecumque
1237 3436 1310 3474 cum
1337 3423 1671 3487 praepositionibus
1700 3423 1882 3485 compo-ld

657 3512 789 3557 buntur
808 3520 952 3569 numquam
972 3511 1196 3573 corrumpuntur,
1215 3513 1245 3558 ut
1263 3512 1308 3558 est
1324 3502 1422 3575 γράφω
1437 3500 1597 3572 περιγράψω
1612 3500 1830 3572 καταγράφω,

658 3585 747 3657 βάλλω
762 3587 914 3659 περιβάλλω
930 3586 1092 3659 καταβάλλω
1109 3584 1286 3661 eppesteim,
1319 3585 1377 3657 ἄγω
1395 3584 1503 3657 συνάγω
1521 3582 1618 3656 ἀπάγοι
1641 3583 1726 3655 διάγω
1743 3588 1881 3657 προ-[119]

658 3669 729 3741 ἄγω,
746 3670 821 3742 φέρω
838 3670 969 3742 προφέρω
990 3669 1112 3743 διιὶφέρω
1130 3668 1277 3745 ἀναφέρω,
1295 3674 1365 3743 φιλῶ
1384 3673 1541 3742 assumsisti,
1564 3674 1630 3741 quin
1647 3675 1729 3726 immo
1747 3688 1831 3737 prac-

760 3831 802 3880 11.
837 3828 883 3897 qui
905 3827 1031 3899 pangere
1055 3827 1084 3881 V.
1238 3832 1280 3881 12.
1319 3828 1480 3904 dirivantur
1495 3830 1549 3889 [nt
1571 3826 1683 3893 quidem
1706 3824 1832 3886 videtur)

659 3893 689 3944 V·
864 3898 905 3978 11.
950 3915 1013 3949 eum
1038 3898 1100 3965 pius
1130 3896 1175 3979 V..
1198 3924 1225 3935 -
1258 3898 1380 3966 reperiri
1413 3896 1476 3977 „sic
1501 3894 1569 3947 Coti.
1596 3896 1633 3976 b..
1656 3896 1675 3945 Ι.
1702 3911 1756 3946 runo
1781 3895 1831 3963 p.“

657 3960 738 4013 Endl.
760 3992 794 4001 -
817 3972 947 4019 contonat
969 3965 999 4018 V.
1021 3994 1054 4004 -
1077 3973 1201 4018 emersio
1225 3965 1254 4017 V.
1274 3992 1310 4005 -
1331 3965 1430 4018 utrobi
1449 3979 1482 4016 ue
1505 3979 1525 4016 ε.
1554 3990 1582 4001 -
1609 3981 1632 4014 ιι
1651 3963 1715 4030 etm]
1733 3961 1777 4013 01.
1796 3962 1831 4012 dc

659 4028 719 4079 diii.
739 4047 763 4081 e.
782 4034 824 4097 13,
839 4032 851 4097 ξ
869 4035 896 4084 9.
1052 4037 1091 4084 15.
1126 4034 1159 4085 de
1172 4031 1284 4103 figuris]
1303 4031 1398 4114 ctos
1416 4031 1519 4112 diffie.
1536 4034 1568 4111 ss..
1582 4029 1711 4095 inscript.
1730 4045 1832 4080 -eo-

659 4097 718 4147 dem
735 4097 779 4148 Vs.
796 4125 830 4136 -
846 4106 1002 4151 nascantur
1020 4099 1051 4150 V.
1084 4098 1127 4150 01.
1145 4101 1158 4166 5
1177 4103 1202 4151 5.
1220 4129 1255 4179 -7-
1272 4115 1421 4152 mensmae
1441 4104 1539 4179 (etiem
1559 4098 1649 4156 inira)
1668 4097 1697 4147 V.
1717 4103 1832 4177 -Junt

659 4165 789 4230 quaedam
809 4166 872 4232 etc]
892 4165 935 4216 01.
951 4166 986 4219 1ο
1004 4166 1065 4219 diff.
1084 4183 1107 4217 c.
1125 4170 1156 4229 2,
1176 4166 1189 4233 5
1209 4171 1232 4219 1.
1254 4194 1289 4207 -
1310 4174 1375 4235 ,port
1393 4174 1596 4233 conpositionem
1615 4162 1680 4229 ete]
1701 4161 1831 4213 01..ι1ιι1.
1890 4221 1893 4227 ,

659 4234 716 4297 §2
739 4260 773 4269 -
794 4249 885 4301 greco
907 4232 938 4283 V.
1091 4237 1133 4286 16.
1168 4252 1225 4287 eum
1241 4233 1347 4303 praepa]
1364 4232 1408 4284 01.
1426 4232 1495 4284 ibid.
1511 4232 1525 4299 5
1543 4236 1568 4282 5.
1591 4257 1625 4270 -
1648 4228 1832 4283 ΔΙΑΦΕΡΟ

660 4398 676 4433 c
698 4382 804 4434 codicis
829 4381 986 4450 scripturae
1009 4383 1174 4451 compendio
1196 4388 1214 4436 ιῑ
1271 4385 1371 4437 dualis
1387 4401 1463 4436 usum
1483 4382 1600 4446 dicitur,
1627 4386 1658 4434 ut
1676 4365 1789 4432 ds'dtff.
1808 4396 1833 4437 c„

660 4449 714 4501 Sed
734 4451 820 4502 insila
841 4457 918 4517 patet
939 4451 1033 4520 legem
1055 4451 1222 4521 grammati·
1272 4456 1314 4505 14.
1333 4450 1438 4504 dieitur
1456 4452 1538 4503 ruodo
1559 4451 1572 4517 5
1590 4455 1615 4502 6.
1638 4450 1753 4501 Tertium
1772 4464 1834 4516 per·

661 4533 721 4569 cum
741 4519 874 4585 flagitare
892 4537 936 4570 aa.
1272 4537 1365 4573 sonum
1380 4519 1528 4587 pluralem,
1541 4519 1622 4570 modu
1640 4517 1653 4584 5
1670 4521 1711 4568 10.
1727 4518 1833 4569 tertiam
1857 4527 1859 4531 '

695 4589 736 4637 li.
771 4588 818 4638 sub
838 4587 998 4639 condicionis
1021 4586 1130 4653 incerto]
1156 4586 1176 4639 i.
1196 4601 1220 4638 e.
1269 4588 1405 4660 pturatis.
1440 4588 1482 4639 Do
1500 4603 1531 4640 re
1551 4586 1585 4639 ci.
1603 4586 1672 4638 ibid.
1691 4602 1716 4637 e.
1732 4583 1832 4651 Mi.

659 4652 701 4704 ita
726 4657 756 4704 ut
778 4655 916 4706 incertum
939 4654 1115 4720 relinquatur
1137 4660 1166 4707 et
1185 4656 1221 4708 ab

659 4721 761 4787 aliqua
777 4723 896 4788 pendeat
917 4722 1085 4773 conditione.

695 4793 738 4841 ln.
774 4791 844 4857 quod
861 4806 892 4841 en
908 4790 956 4840 ico
977 4791 1057 4842 certo
1075 4790 1132 4841 uls‘u
1151 4789 1223 4841 ders·-

660 4857 769 4924 oantur]
787 4858 830 4909 01.
848 4858 883 4908 de
902 4856 963 4908 diff.
979 4876 1004 4910 c.
1017 4862 1059 4922 1³,
1076 4857 1089 4922 i
1106 4860 1130 4907 5.
1158 4856 1222 4909 Pri·
1304 4857 1356 4908 ΡΡ

661 4925 748 4976 scien.
768 4926 817 4977 lib.
838 4925 913 4987 vill,
937 4939 998 4992 cap.
1017 4926 1052 4976 da
1071 4923 1172 4976 modis.

693 4993 833 5061 verbialia]
860 4993 963 5058 „Quae
987 5007 1004 5043 a
1026 4992 1145 5044 Graecis
1175 4988 1222 5059 ῥη-

660 5054 761 5123 ματικὰ
789 5061 930 5113 dicuntur.
967 5059 1011 5113 cl.
1039 5059 1166 5113 Diomed.
1196 5078 1221 5128 p.

661 5131 714 5176 310
733 5128 785 5177 Ρ.“
802 5129 890 5181 Enna.

665 5277 688 5311 θ’
700 5195 738 5322 ¹13,
758 5196 905 5325 §pawn
917 5195 1033 5263 easdem]
1051 5193 1094 5246 01.
1112 5194 1147 5246 ds
1161 5194 1222 5247 diff.

698 5327 740 5377 14.
776 5327 882 5384 dsstsm
911 5347 942 5384 er
968 5330 1023 5384 iltis
1050 5328 1136 5397 usum]
1166 5329 1222 5383 Pro

1305 4687 1456 4757 utrubiqud
1475 4687 1514 4753 „i.
1530 4705 1553 4740 s.
1572 4686 1645 4757 apud
1664 4683 1787 4738 Grssoss
1805 4688 1834 4735 ct

1271 4757 1442 4809 munanosr‘
1459 4756 1546 4808 Brun.

1324 4858 1338 4892 o
1356 4840 1480 4909 utositur]
1500 4838 1539 4905 „i.
1551 4856 1575 4890 c.
1590 4837 1750 4891 multitudo.
1785 4833 1834 4887 ste

1272 4907 1374 4960 Arnob.
1389 4909 1441 4973 lll,
1458 4911 1518 4961 loa.
1556 4906 1745 4975 oputositas
1761 4919 1833 4956 sum-

1271 4993 1317 5029 ma
1333 4978 1455 5042 deorum,
1482 4981 1510 5028 et
1527 4924 1695 5043 inigentius
1713 4967 1833 5049 tisthai.

1272 5044 1301 5107 l,
1325 5046 1368 5095 24.
1392 5047 1497 5114 Argum
1520 5044 1649 5095 luminam
1665 5035 1834 5109 popuisss-

1272 5118 1343 5165 tate
1365 5120 1514 5182 conseptum
1536 5110 1696 5163 interemisse
1715 5104 1834 5170 fertari‘

1272 5180 1360 5231 Eunu.

1309 5265 1351 5313 15.
1386 5258 1508 5343 denique]
1542 5256 1607 5341 „ijd
1641 5256 1753 5323 denique
1785 5257 1835 5306 aut

1273 5328 1408 5385 nonnulla
1430 5328 1479 5381 hnc
1500 5328 1640 5381 exordisse
1663 5325 1708 5379 vol
1732 5320 1834 5377 suiten
