5092 6425
620 923 678 989 DE
700 920 807 988 DlFF.
827 920 883 987 ΕΤ
905 917 994 987 SOC.
1016 917 1172 986 GRAECI
1189 918 1320 998 Lam.
1337 919 1472 986 VERBI.
1515 923 1584 990 XV.
1601 925 1685 992 XVl.
1727 925 1790 990 251

621 1094 700 1160 Nam
720 1093 854 1158 scribone
875 1089 1002 1155 cendone
1024 1088 1052 1152 0
1072 1109 1134 1153 non
1155 1089 1257 1154 minus
1273 1109 1427 1156 consensu
1446 1090 1585 1158 omnium
1606 1094 1790 1180 productum
1803 1104 1843 1168 19

621 1177 715 1243 habet
742 1198 834 1262 quam
864 1197 967 1240 amone
991 1173 1117 1238 doceam
1143 1177 1301 1239 nmm'oue:
1341 1195 1399 1259 ego
1427 1182 1531 1240 tamen
1560 1178 1598 1243 de
1627 1200 1677 1258 re,
1712 1202 1792 1266 quae

621 1271 762 1328 auctores
785 1261 886 1344 magni
909 1257 1042 1324 nominis
1065 1258 1205 1324 dubitare
1224 1259 1305 1336 lecit,
1326 1269 1440 1325 certam
1462 1262 1587 1346 quidem
1609 1285 1671 1329 non
1693 1267 1791 1331 ausim

622 1348 702 1413 serre
730 1346 929 1411 sententiam:
961 1343 1202 1409 adseveraverim
1224 1351 1328 1408 tamen
1354 1345 1531 1430 Virgilium,
1553 1349 1641 1413 cuius
1663 1352 1794 1415 auctori-

620 1434 676 1499 tati
703 1432 803 1496 omnis
837 1438 920 1494 retro
949 1437 1033 1493 aetas
1062 1435 1094 1493 et
1120 1450 1200 1514 quae
1225 1437 1329 1494 secuta
1355 1438 1403 1494 est
1434 1431 1481 1496 vel
1513 1443 1663 1519 sequetur
1694 1435 1793 1501 libens

620 1517 761 1592 cesserit,
794 1515 934 1580 Ofinale
959 1515 1076 1579 inuno
1100 1514 1227 1578 omnino
1251 1514 1344 1580 verbo
1371 1515 1517 1582 adverbio
1548 1520 1690 1598 nomine,
1728 1542 1793 1586 uno

621 1602 819 1689 pronomine,
842 1598 1042 1685 corripuisse:
1069 1602 1130 1664 seco
1151 1600 1238 1664 modo
1260 1601 1321 1665 duo
1344 1623 1414 1684 epo:
1434 1637 1477 1650 -
1495 1602 1584 1668 Seio
1606 1626 1653 1669 me
1673 1606 1793 1670 Danais

621 1689 800 1754 ecloscibus
820 1708 924 1751 cenum.
953 1721 991 1732 -
1020 1684 1128 1750 Modo
1149 1685 1288 1773 Iuppiter
1308 1687 1390 1751 ussit.
1416 1723 1457 1735 -
1480 1687 1519 1754 si
1536 1689 1609 1755 duc
1626 1701 1793 1777 praeterea.

620 1810 663 1820 -
683 1775 752 1841 Nou
774 1794 838 1856 εγο
860 1793 929 1836 cum
947 1770 1075 1834 Danais.

954 1855 1037 1919 xvi.
1079 1854 1128 1919 Dc
1149 1854 1332 1940 imperativo
1359 1856 1461 1922 modo.
1525 1892 1527 1898 ·

707 1941 835 2026 Semper
869 1938 950 2025 apud
980 1939 1113 2004 Graecos
1146 1941 1229 2005 modi
1260 1941 1416 2008 indicativi
1445 1943 1594 2028 temporis
1623 1945 1793 2030 praesentis
1826 1953 1842 2015 l

624 2027 757 2094 secunda
781 2045 911 2123 persona
933 2024 1058 2110 pluralis
1087 2025 1193 2090 eadem
1218 2033 1265 2113 est
1287 2047 1367 2112 quae
1388 2035 1421 2092 et
1442 2028 1631 2111 imperativi:
1673 2035 1794 2094 ποιεῖτε

624 2123 657 2180 ct
677 2114 707 2177 in
725 2111 890 2176 indicativo
913 2109 1046 2175 secunda
1066 2118 1114 2174 est
1128 2119 1160 2175 et
1174 2111 1204 2174 in
1220 2111 1411 2195 imperativo,
1425 2114 1533 2194 τιμᾶτε
1544 2116 1702 2198 χφυσοῦτε
1715 2111 1794 2197 γρά-

623 2219 699 2283 φετε
721 2201 868 2261 ποιεῖσθε
889 2197 1028 2278 τιμᾶσθε
1055 2197 1240 2277 γουσοῦσθε
1264 2192 1398 2278 λέγεσθε
1417 2194 1586 2281 γρύφεσθε
1615 2207 1648 2264 et
1673 2199 1794 2264 similia.

622 2287 689 2350 Hac
714 2282 817 2367 regula
846 2281 1013 2346 memoriae
1039 2280 1181 2345 mandata
1210 2280 1338 2346 alteram
1362 2282 1575 2362 subiiciemus,
1614 2291 1650 2348 ut
1672 2305 1734 2349 una
1755 2306 1794 2350 ex
1823 2292 1844 2356 2

621 2379 754 2455 utraque
782 2366 991 2433 observandae
1018 2366 1146 2431 rationis
1178 2367 1345 2432 necessitas
1375 2368 1545 2452 colligatur.
1593 2365 1696 2434 Omne
1727 2391 1793 2435 ver·

622 2457 697 2521 bum
726 2453 807 2539 quod
837 2453 870 2517 in
894 2453 1007 2516 ΜΕΝ
1028 2451 1140 2516 desinit
1173 2452 1297 2538 qualem
1332 2453 1551 2537 paenultimam
1584 2452 1728 2519 habuerit
1761 2455 1794 2520 in

622 2541 720 2627 prima
743 2559 871 2623 persona
893 2538 986 2602 talem
1005 2536 1186 2602 transmittit
1209 2537 1375 2615 secundae,
1397 2538 1426 2602 id
1449 2546 1497 2603 est
1516 2546 1638 2624 tempus
1658 2540 1844 2637 retinctpars]

622 2627 669 2692 vel
692 2625 858 2711 productae
878 2623 926 2689 vel
946 2622 1047 2688 brevis
1070 2623 1218 2708 syllabae:
1242 2624 1404 2705 λαλοῦμεν
1425 2626 1563 2703 λαλεῖτε,
1586 2624 1658 2710 quia
1678 2625 1709 2689 in
1732 2645 1793 2709 prr·

623 2733 671 2776 ma
699 2713 762 2774 ΟΥ
778 2717 858 2788 erat,
880 2716 912 2774 et
932 2707 963 2773 in
986 2709 1118 2774 secunda
1141 2711 1197 2772 EI
1211 2707 1422 2794 diphthongus
1444 2730 1542 2794 aeque
1566 2709 1655 2794 longa
1676 2730 1795 2774 sucees-

623 2798 677 2862 sit:
697 2797 839 2879 τιμῶμεν
859 2794 985 2877 τιμᾶτε,
1007 2797 1081 2858 MA
1102 2794 1193 2879 longa
1213 2794 1328 2880 syllaba
1351 2795 1453 2861 locum
1472 2816 1565 2881 quem
1586 2795 1618 2858 in
1640 2797 1719 2858 Mo
1741 2793 1795 2860 ha·

623 2883 733 2947 buerat
755 2881 930 2966 occupavit:
973 2882 1197 2964 οτεφανοῦμεν
1216 2881 1430 2964 στεφανοῦτε,
1458 2880 1564 2945 eadem
1585 2879 1795 2964 diphthongus

623 2966 845 3053 perseveravit:
867 2962 1017 3047 λέγομεν,
1040 2966 1111 3051 quia
1138 2968 1165 3029 0
1188 2965 1276 3030 litera
1296 2965 1398 3030 brevis
1419 2972 1481 3041 est,
1502 2961 1624 3047 λέγετε,
1646 2969 1796 3051 Eaeque

624 3058 733 3115 natura
762 3051 885 3114 brevem
913 3049 1031 3133 recipit.
1079 3055 1122 3114 At
1148 3050 1179 3113 in
1207 3049 1404 3114 coniunctivo
1430 3049 1503 3133 quia
1533 3049 1675 3134 producit
1703 3071 1797 3154 paen·
1826 3051 1847 3116 3

626 3136 784 3211 ultimam,
811 3128 869 3196 ἐὰν
888 3129 1046 3217 λέγομεν,
1075 3133 1145 3198 ideo
1166 3140 1198 3198 et
1219 3133 1250 3196 in
1271 3133 1404 3198 secunda
1427 3152 1573 3217 persona,
1599 3128 1657 3196 ἐὰν
1677 3136 1798 3217 λεγητε,

624 3220 770 3308 producit
792 3222 825 3282 E
843 3218 874 3282 in
899 3220 939 3281 H
956 3218 1112 3284 mutando.
1155 3218 1187 3283 Si
1212 3218 1306 3301 igitur
1336 3214 1508 3302 φεύγωμεν
1534 3217 1665 3303 primam
1692 3239 1797 3303 perso-

625 3329 695 3372 nam
718 3303 889 3391 imperativi
913 3325 979 3369 esse
1000 3303 1145 3380 dicemus,
1166 3302 1315 3389 sequitur,
1335 3311 1380 3380 ut,
1400 3302 1472 3388 quia
1494 3302 1526 3366 in
1547 3304 1660 3366 ΜΕΝ
1674 3303 1738 3367 exit
1761 3304 1796 3366 Ω

625 3391 837 3479 praecedente,
859 3389 951 3454 etiam
973 3388 1123 3453 secundae
1143 3407 1294 3473 personae
1316 3388 1535 3473 paenultimam
1558 3408 1596 3451 ex
1616 3389 1796 3453 necessitate

626 3478 788 3562 producat:
816 3474 898 3581 puod
921 3474 947 3539 si
967 3482 1028 3550 est,
1050 3470 1189 3559 φεύγητε
1207 3472 1313 3548 laciet,
1336 3472 1596 3559 quemadmodum
1620 3468 1678 3537 ἐὰν
1698 3468 1796 3555 λέγω·

625 3585 685 3646 μεν
713 3555 771 3626 ἐὰν
796 3564 925 3643 λεγητεε
967 3560 1020 3625 sed
1049 3559 1187 3625 constitit
1216 3557 1345 3623 eandem
1376 3579 1498 3643 semper
1531 3579 1599 3624 esse
1631 3557 1797 3623 secundam

626 3668 788 3732 personam
817 3644 989 3730 imperativi
1017 3665 1096 3730 quae
1124 3654 1155 3709 et
1180 3643 1335 3709 indicativi
1363 3642 1437 3709 luit:
1479 3640 1614 3729 φεύγετε
1641 3652 1743 3708 autem
1767 3643 1799 3706 in

627 3733 790 3798 indicativo
812 3730 883 3807 luit,
907 3751 969 3794 non
992 3726 1139 3814 φεύγητε.
1183 3729 1231 3794 Ex
1254 3727 1302 3792 his
1325 3729 1480 3814 colligitur
1501 3750 1603 3815 neque
1625 3729 1716 3793 aliam
1743 3728 1799 3793 im·
1827 3731 1850 3794 4

625 3818 755 3904 perativi
778 3816 943 3882 secundam
963 3836 1126 3901 personam
1149 3835 1216 3879 esse
1238 3813 1297 3878 nisi
1319 3811 1452 3919 φεύγετε
1472 3836 1529 3880 nec
1545 3816 1576 3879 in
1594 3814 1799 3880 declinatione

627 3901 758 3989 φεύγετε
780 3901 945 3968 secundam
967 3921 1034 3966 esse
1058 3922 1148 3986 posse
1169 3907 1241 3985 post
1264 3920 1452 3985 φεύγωμεν,
1479 3908 1511 3966 et
1534 3900 1603 3966 ideo
1626 3896 1799 3985 φεύγωμεν

626 4011 688 4053 non
712 3995 813 4073 potest
834 3986 1006 4071 imperativi
1050 3987 1127 4051 rima
1149 4006 1216 4049 esse
1242 4005 1389 4069 persona:
1429 3984 1623 4049 manifestum
1652 3993 1700 4048 est
1725 4004 1800 4067 crgo

627 4072 841 4157 imperativum
864 4092 921 4135 nec
943 4007 1128 4167 singularem
1153 4089 1209 4132 nec
1230 4069 1379 4154 pluralem
1401 4067 1514 4133 habere
1534 4069 1664 4154 primam
1694 4088 1799 4152 perso-

627 4178 707 4222 nam.
751 4156 830 4220 Cum
851 4163 954 4220 autem
977 4153 1121 4218 dicimus:
1134 4156 1294 4302 pupc'cmus
1316 4154 1465 4217 diseamus
1486 4154 1657 4217 nutriamus
1680 4173 1800 4216 aremus

627 4244 784 4308 doceamus
810 4248 841 4304 et
867 4238 993 4313 similia,
1034 4237 1072 4303 ad
1094 4259 1133 4303 ex
1156 4237 1321 4303 ortativum
1344 4257 1468 4301 sensum
1492 4257 1554 4302 non
1577 4236 1614 4301 ad
1643 4235 1800 4322 imperati·

627 4348 700 4392 vum
723 4324 847 4389 modum
871 4323 1025 4408 pertinere
1053 4322 1181 4388 dicenda
1204 4329 1286 4386 suut.
1332 4319 1425 4407 Apud
1445 4320 1579 4387 Graecos
1601 4321 1800 4407 imperativus
1828 4320 1850 4385 5

628 4409 791 4498 singularis
818 4410 935 4475 activus
954 4414 1103 4494 temporis
1134 4406 1304 4494 praesentis
1326 4413 1358 4471 et
1379 4406 1536 4491 praeteriti
1559 4406 1735 4493 inperfecti,
1767 4405 1801 4473 in

629 4622 671 4669 18.
706 4614 913 4668 eeictlmmlb.
1069 4616 1108 4676 19,
1149 4613 1308 4682 Vergilium
1325 4611 1430 4663 Etal’.
1449 4637 1480 4650 ·-
1501 4527 1803 4664 mffi‘lgnffllh-

631 4682 703 4748 Seio]
730 4684 799 4735 Aen.
820 4681 874 4747 lll‚
898 4684 959 4732 602.
981 4699 1027 4719 -·
1041 4680 1132 4747 Modo]
1156 4681 1224 4732 deo.
1248 4681 1304 4745 lll,
1327 4683 1385 4731 116.
1404 4705 1440 4719 -
1462 4679 1504 4746 aa]
1526 4679 1594 4731 Aen.
1610 4678 1664 4743 xl,
1686 4681 1747 4732 285.
1768 4707 1802 4720 -

630 4752 701 4818 Non]
721 4752 786 4803 den.
805 4751 857 4813 lv,
874 4752 934 4800 426.

697 4820 772 4882 XVl,
806 4822 829 4869 l.
864 4816 1010 4869 indicativo
1032 4815 1164 4877 (οι-ἰν)
1191 4813 1294 4866 Edat’.
1316 4839 1349 4854 ·-
1377 4811 1599 4867 ΤΕΙΜΑΟΘΕ
1619 4813 1651 4866 Ρ.

627 4894 653 4941 2.
688 4888 854 4941 cudiieimus
876 4886 954 4952 p2-lr.

664 5011 704 5058 19.
739 5007 862 5060 doliture
882 5003 958 5071 tecit]
989 5000 1052 5054 l‘id.
1077 4999 1190 5053 noted
1276 5004 1301 5051 3.
1337 5000 1464 5072 constitit]
1490 5000 1550 5053 vid.
1569 5006 1625 5054 not.
1644 5000 1679 5053 ad
1696 4997 1803 5053 Corum.

629 5072 737 5125 comm.
754 5074 793 5138 il,
812 5078 839 5134 ὃ,
857 5077 898 5124 19.
1243 5066 1266 5133 l,
1286 5071 1328 5131 16,
1348 5072 1388 5118 10.

663 5142 748 5192 onnia
771 5148 842 5194 retro
867 5138 953 5207 uem]
983 5135 1044 5190 vid.
1072 5139 1127 5188 not.
1155 5133 1191 5187 ad
1263 5136 1303 5190 ,4.
1338 5136 1375 5188 ad
1409 5135 1602 5187 εελοεεολίοεια
1634 5147 1738 5185 sancum
1774 5163 1802 5180 ..

629 5205 738 5262 comm.
754 5205 779 5272 Ις
792 5211 846 5272 ,⁸¹³-
858 5211 885 5258 11.
1240 5203 1373 5269 partim
1389 5203 1502 5254 diceudo
1515 5203 1587 5268 aaut]
1604 5200 1646 5252 Cf.
1665 5197 1804 5249 Priscian.

638 5267 1193 5352 ¹·XV1..;Dfldmoefltlpunoda]0l.de
1242 5267 1294 5320 lib.
1313 5268 1387 5332 vlu,
1407 5285 1469 5335 eap-
1490 5268 1525 5320 de
1544 5267 1684 5334 perueniat
1710 5267 1804 5332 ltaque

629 5339 814 5418 'uellit-011&
843 5363 913 5406 λων..
964 5383 1028 5406 ,....
1242 5336 1425 5404 conclama·
1449 5338 1478 5388 iu
1498 5336 1603 5403 plurali
1623 5350 1739 5385 numeru
1758 5335 1815 5379 'tw

1628 5419 1678 5481 m
