5092 6425
703 891 764 961 188
1184 887 1393 957 manaen

698 1083 764 1150 quo
793 1057 986 1126 validissimis
1018 1058 1207 1141 argumentis
1238 1059 1359 1123 animae
1394 1058 1596 1123 inmortalitas
1629 1057 1804 1126 adseritur:
1846 1072 1879 1128 et

698 1147 773 1214 haec
793 1155 841 1210 est
862 1153 1114 1227 argumentorum
1137 1165 1271 1220 summa,
1312 1166 1380 1209 esse
1407 1145 1540 1208 animam
1571 1145 1678 1209 mortis
1700 1147 1877 1226 inmunem,

668 1233 846 1320 'lquoniam
875 1252 913 1294 ex
940 1251 972 1293 sc
1001 1238 1152 1295 movetur.
1214 1229 1378 1294 Sciendum
1406 1239 1453 1295 est
1480 1239 1598 1307 autem,
1637 1232 1722 1315 quod
1749 1232 1877 1300 duobus

697 1319 797 1384 modis
831 1315 1034 1380 inmortalitas
1068 1315 1266 1398 intellegitur.
1309 1322 1374 1380 Aut
1405 1316 1487 1380 enim
1523 1316 1593 1380 ideo
1625 1324 1674 1380 est
1704 1318 1875 1385 inmortale

696 1405 787 1492 quid,
824 1403 896 1488 quia
920 1422 975 1486 per
995 1422 1028 1465 se
1050 1422 1111 1465 nau
1133 1408 1180 1464 est
1202 1421 1297 1485 capax
1320 1402 1443 1478 mortis,
1479 1410 1534 1466 aut
1554 1402 1626 1487 quia
1650 1405 1874 1486 procuratione

696 1490 823 1556 alterius
845 1509 862 1551 a
885 1496 984 1551 morte
1007 1485 1190 1551 detenditur.
1232 1487 1281 1550 Ex
1303 1485 1351 1552 his
1374 1488 1458 1572 prior
1477 1487 1587 1552 modus
1609 1488 1647 1551 ad
1668 1489 1804 1568 animae,
1826 1513 1873 1556 sc·

695 1576 814 1641 cundus
834 1572 871 1638 ad
898 1572 1005 1637 mundi
1027 1571 1277 1635 inmortalitatem
1305 1573 1445 1637 relertur.
1488 1574 1543 1637 Illa
1566 1573 1647 1637 caim
1678 1585 1791 1660 suapte
1817 1598 1873 1642 na·

694 1670 764 1727 tura
784 1682 801 1724 a
821 1658 997 1724 conditione
1019 1657 1127 1722 mortis
1148 1656 1248 1721 aliena
1269 1668 1331 1722 cst:
1361 1658 1495 1723 mundus
1518 1680 1590 1723 vero
1611 1659 1733 1726 animae
1754 1661 1871 1727 benefi-

665 1744 743 1813 8aio
772 1749 803 1809 in
826 1745 882 1808 hac
908 1745 988 1809 vitae
1015 1743 1220 1829 perpetuitate
1249 1744 1409 1808 retinetur.
1451 1745 1572 1809 Rursus
1600 1765 1724 1831 semper
1749 1749 1868 1813 moveri

694 1831 859 1917 dupliciter
880 1830 1035 1914 accipitur.
1079 1829 1146 1892 lloc
1166 1828 1248 1892 enim
1270 1829 1382 1894 dicitur
1401 1837 1433 1894 et
1453 1831 1492 1894 de
1512 1852 1549 1894 ea
1570 1830 1654 1916 quod
1674 1853 1714 1896 ex
1736 1854 1801 1918 quo
1822 1842 1871 1898 est

695 1936 817 2000 semper
839 1924 990 1991 movetur,
1010 1923 1042 1979 et
1063 1914 1100 1978 de
1121 1935 1158 1979 eo
1179 1913 1261 1998 quod
1282 1935 1403 2000 semper
1422 1923 1453 1979 et
1473 1925 1520 1980 est
1540 1923 1571 1981 et
1589 1926 1747 1983 movetur:
1769 1929 1803 1985 et
1823 1941 1870 1984 se·

665 2001 815 2068 llcundus
843 2001 953 2065 modus
986 2011 1033 2066 est
1061 2021 1124 2084 quo
1158 2000 1291 2064 animam
1320 2001 1451 2065 dicimus
1478 2023 1600 2087 semper
1626 2003 1752 2068 moveri.
1812 2005 1869 2069 llis

694 2087 872 2175 praemissis
891 2088 950 2151 iam
974 2086 1087 2172 quibus
1109 2085 1292 2170 syllogismis
1314 2087 1352 2151 de
1373 2087 1591 2152 inmortalitate
1611 2089 1731 2154 animae
1753 2088 1869 2155 diversi
1960 2153 1962 2160 .

694 2182 862 2240 sectatores
886 2173 1023 2238 Platonis
1050 2171 1222 2237 ratiocinati
1252 2180 1326 2236 sunt
1357 2182 1480 2258 oportet
1504 2174 1625 2259 aperiri.
1674 2173 1755 2239 Sunt
1782 2176 1868 2240 euim

739 2261 748 2324 i
776 2281 831 2345 per
855 2259 966 2344 gradus
991 2259 1238 2345 syllogismorum
1267 2259 1305 2322 ad
1333 2280 1431 2323 unum
1461 2260 1552 2324 finem
1581 2260 1774 2344 probationis
1798 2283 1869 2327 eva·
1958 2278 1961 2293 ¹

715 2353 773 2411 unt
795 2354 909 2410 certam
931 2346 989 2410 sibi
1010 2344 1252 2430 propositionem
1275 2345 1433 2428 sequentis
1455 2365 1493 2408 ex
1512 2345 1721 2411 antecedentis
1741 2348 1868 2413 conclu·
1959 2422 1961 2431 Ι

645 2429 780 2498 10siooe
803 2430 957 2496 iacientes.
999 2430 1091 2516 Apud
1114 2451 1193 2514 quos
1216 2430 1265 2493 hic
1286 2431 1371 2515 prior
1391 2439 1450 2495 est:
1476 2433 1587 2496 Anima
1606 2455 1645 2495 ex
1664 2455 1695 2497 ce
1715 2446 1868 2499 movetur:
1960 2508 1962 2517 Ι

693 2518 835 2606 quicquid
858 2530 956 2581 auten
977 2540 1016 2580 eae
1038 2527 1220 2579 semovetur
1240 2538 1354 2601 seraper
1373 2529 1521 2582 movetur:
1552 2520 1646 2614 epitom
1665 2519 1770 2582 anima
1792 2542 1867 2583 sene·

642 2613 774 2688 [tacyper
792 2614 933 2665 movetur.
977 2600 1136 2665 Secundus
1157 2601 1209 2677 ita,
1231 2601 1284 2684 qui
1305 2601 1441 2666 nascitur
1462 2623 1499 2665 ex
1522 2603 1633 2687 prioris
1656 2602 1733 2667 fine:
1752 2605 1867 2669 Anaua
1961 2629 1963 2649 ¹

690 2708 805 2772 semper
825 2697 976 2752 movetur:
1004 2686 1083 2772 quod
1103 2697 1200 2750 autem
1220 2709 1335 2772 seraper
1355 2701 1487 2752 mouetur
1506 2689 1663 2753 inmortale
1681 2701 1739 2753 eet:
1768 2691 1866 2775 iqitur

691 2773 795 2837 anima
817 2772 984 2836 inmortalia
1004 2783 1051 2836 est.
1094 2773 1136 2835 Et
1157 2771 1197 2835 ita
1219 2771 1250 2834 in
1275 2772 1395 2836 duobus
1415 2773 1598 2858 syllogismis
1620 2773 1697 2840 duae
1720 2795 1771 2839 res
1794 2797 1866 2861 pro-

691 2856 820 2933 bantur,
849 2857 878 2921 id
902 2864 949 2921 est
971 2864 1003 2920 et
1024 2877 1145 2941 semper
1166 2857 1282 2921 moveri
1305 2858 1453 2934 animam,
1485 2867 1521 2924 ul
1543 2859 1575 2923 in
1598 2861 1714 2945 priore,
1744 2868 1776 2924 et
1796 2883 1865 2926 esse

643 2942 901 3019 llinmartalem,
937 2952 973 3009 ut
999 2942 1153 3027 colligitur
1177 2942 1214 3007 dc
1239 2944 1384 3008 secundo.
1427 2944 1489 3008 Alii
1516 2965 1588 3009 vero
1611 2965 1710 3030 usque
1738 2945 1776 3009 ad
1802 2955 1865 3012 ter·

689 3028 768 3095 tium
788 3028 915 3113 gradum
936 3030 979 3094 ita
997 3028 1240 3114 argumentando
1261 3029 1447 3113 procedunt:
1470 3030 1580 3094 Anima
1601 3055 1640 3094 ec
1660 3054 1692 3095 se
1710 3044 1865 3098 nmvetur:

689 3114 770 3202 quad
799 3127 896 3179 autem
923 3140 962 3180 cac
991 3139 1022 3180 ce
1048 3126 1180 3180 mouetur
1199 3115 1392 3266 principium
1416 3128 1511 3180 neotus
1537 3129 1594 3181 est:
1635 3118 1730 3201 ipa'tur
1757 3120 1865 3183 anima

685 3201 877 3289 principium
897 3215 993 3268 neotus
1015 3214 1063 3266 est.
1105 3203 1225 3267 Rursus
1243 3224 1281 3267 ex
1321 3222 1356 3267 ac
1373 3201 1570 3267 conclusione
1594 3202 1731 3267 nascitur
1747 3224 1864 3290 propo·

689 3285 777 3353 sitio:
808 3289 920 3354 Anima
938 3290 1126 3376 principium
1145 3300 1241 3353 motus
1262 3300 1320 3354 eet:
1341 3288 1421 3375 quod
1440 3300 1537 3353 autem
1552 3290 1744 3376 principium
1763 3302 1864 3356 mulces

756 3441 825 3495 Mu·
842 3442 1045 3504 [tusculam]

688 3524 830 3578 danaen.
893 3528 1070 3595 laedoneg.
1095 3555 1128 3565 —
1153 3528 1312 3579 adverbum
1333 3526 1715 3592 (sap.add.deveelia)lll.
1761 3527 1862 3579 cerlo

688 3592 726 3643 erl
745 3595 851 3644 aerium
870 3545 924 3644 l'e.
952 3622 985 3633 -
1012 3605 1037 3647 et
1055 3603 1093 3646 eat
1112 3602 1187 3662 (nup.
1207 3596 1268 3647 cdd.
1288 3596 1367 3656 lracc)
1385 3595 1435 3645 Rl.
1470 3596 1534 3647 lracc
1551 3604 1589 3647 eet
1606 3602 1675 3656 (om.
1692 3599 1731 3654 et)
1754 3593 1785 3645 F.
1823 3604 1862 3647 eat

688 3659 899 3720 (dcl.etl1aec)
921 3663 972 3712 ΙΙΙ.
994 3690 1026 3700 -
1049 3680 1151 3714 summa
1169 3671 1384 3731 argumentorum
1406 3662 1439 3714 B.
1461 3691 1488 3701 -
1517 3673 1635 3716 movetur
1651 3662 1862 3714 Besara-eura
1967 3681 1970 3692 ·

687 3724 761 3777 mo.
796 3737 947 3779 moueatur
971 3730 1123 3797 calrgliPG.
1158 3731 1312 3793 ‚‚llleliue.“
1338 3730 1425 3781 Zcun·
1574 3737 1601 3781 7.
1637 3738 1782 3783 aulemeet
1805 3731 1858 3782 Ra.
1969 3747 1971 3752 ·

686 3794 829 3845 —intelle
853 3796 906 3845 itur
920 3798 1107 3850 immortalitas
1122 3798 1174 3848 Μ.
1195 3826 1220 3836 -
1241 3800 1309 3850 enim
1327 3815 1380 3850 om.
1399 3798 1523 3850 Vincunt.
1539 3796 1694 3861 Bellorum,
1712 3798 1760 3864 qui
1775 3797 1859 3864 Spcc.

687 3857 750 3912 liet.
772 3812 877 3924 ΧΧΙῆΙ,
902 3865 944 3912 24.
967 3866 1107 3931 excerpsit
1124 3867 1209 3917 r'erlre
1230 3867 1371 3917 Sciendum
1388 3874 1427 3919 est
1503 3867 1663 3928 defenditur.
1686 3894 1714 3904 -
1742 3873 1781 3918 cet
1797 3868 1860 3918 idco

688 3926 741 3980 RS.
756 3957 790 3967 -
811 3930 904 3981 maduo
921 3939 969 3984 eat
987 3934 1093 3986 animae
1110 3933 1163 3983 111.
1180 3961 1215 3973 -
1233 3935 1262 3985 ei
1281 3942 1343 4001 apte
1360 3934 1411 3984 Rl.
1429 3962 1463 3974 -
1484 3936 1632 3987 conditione
1648 3941 1723 4001 (cup.
1741 3934 1806 3986 aad.
1825 3940 1858 3996 a)
1966 3957 1967 3962 ¹

686 3996 738 4049 RS.
892 4002 917 4049 Β.
953 4007 977 4051 cl
1000 4002 1032 4053 de
1055 4019 1084 4054 eo
1107 4002 1205 4053 dicitur
1226 4000 1257 4053 lt'.
1284 4029 1312 4039 -
1348 4003 1501 4069 accipitur
1518 4010 1543 4054 et
1562 4004 1595 4055 de
1613 4021 1642 4054 co
1661 4003 1732 4070 quod
1752 4020 1784 4053 ea
1804 4020 1859 4070 quo

686 4071 726 4117 cel
746 4081 847 4133 temper
870 4076 1002 4119 movetur:
1027 4078 1052 4123 et
1070 4073 1102 4122 de
1119 4086 1149 4122 co
1167 4071 1237 4137 quod
1255 4087 1291 4122 ex
1308 4088 1368 4138 pua
1384 4078 1430 4122 cet
1451 4079 1591 4135 temperet
1608 4078 1726 4122 movetur
1743 4077 1814 4130 (om.
1832 4078 1858 4123 et
1964 4099 1966 4108 =

686 4138 738 4195 cet)
761 4150 786 4185 r.
819 4162 845 4173 -
878 4138 1009 4189 eecundue
1026 4142 1118 4192 modae
1139 4147 1177 4190 cet
1195 4145 1220 4190 el
1236 4139 1269 4190 dc
1286 4155 1316 4189 ec
1338 4139 1407 4206 quod
1425 4154 1524 4205 temper
1543 4146 1581 4190 eet
1599 4148 1624 4192 et
1644 4146 1763 4190 mouetur
1784 4144 1857 4197 (om.

684 4201 780 4269 priore
798 4208 836 4263 et)
855 4203 886 4253 F.
908 4233 941 4243 -
965 4224 1065 4276 semper
1081 4216 1119 4261 cet
1136 4215 1161 4259 el
1180 4213 1247 4268 (om.
1266 4212 1305 4266 et)
1324 4207 1376 4257 lll.
1410 4222 1510 4273 ecmper
1528 4212 1597 4266 (om.
1614 4214 1639 4259 et
1657 4214 1695 4258 eet
1712 4210 1752 4265 et)
1772 4206 1857 4256 1).-

684 4272 812 4323 eccundue
831 4277 898 4331 (om.
913 4279 951 4334 et)
970 4275 1023 4326 111.
1174 4278 1200 4326 9.
1236 4275 1335 4326 diuersi
1352 4291 1413 4337 anp.
1434 4275 1498 4325 add.
1518 4274 1569 4324 ΕΙ.
1585 4302 1617 4311 -
1632 4275 1776 4325 rationali
1792 4282 1857 4328 eunt

685 4337 784 4399 offll
804 4355 864 4403 aup.
883 4342 947 4390 edd.
966 4343 1013 4401 οῦ.
1054 4343 1208 4395 ratiocinati
1226 4344 1288 4394 rint
1312 4342 1445 4393 s-erllG.
1494 4343 1709 4394 ratiocinantur
1730 4358 1792 4407 v-g.
1822 4370 1857 4382 -

684 4407 797 4473 aperire
823 4405 878 4456 BF.
908 4434 943 4446 —
971 4410 1087 4463 evadunt
1114 4408 1527 4462 Busurecuossanmenffe.
1580 4412 1705 4463 enudant
1734 4409 1856 4462 Edal’l.

787 4475 827 4521 10.
864 4476 989 4543 quicquid
1006 4486 1094 4531 cutem
1112 4496 1143 4531 ee
1157 4496 1185 4531 ee
1201 4487 1327 4540 movetur,
1345 4495 1445 4545 eemper
1461 4485 1579 4529 movetur
1594 4495 1649 4529 om.
1668 4477 1702 4528 G.
1718 4506 1750 4515 —
1768 4478 1857 4543 puic-

683 4539 763 4606 quid
779 4547 866 4590 autem
879 4559 979 4610 semper
996 4544 1069 4614 viag.
1086 4575 1115 4586 —
1136 4547 1299 4599 exsecando
1317 4546 1367 4596 122.
1521 4549 1561 4595 ll.
1595 4563 1677 4612 usquc
1693 4546 1730 4597 a'd
1745 4546 1855 4597 tertium

683 4606 754 4668 (M
770 4608 820 4667 ad)
839 4609 890 4659 lll-
909 4640 942 4650 ·-
958 4615 1117 4682 principium
1131 4624 1169 4668 est
1185 4622 1270 4666 malua
1288 4612 1417 4665 (re-osu.
1433 4642 1467 4650 -
1483 4614 1570 4681 igitur
1586 4616 1676 4665 anime
1754 4613 1855 4664 Artiaca

681 4673 841 4741 principium
855 4687 941 4732 motae
958 4689 996 4733 cet
1017 4700 1070 4735 om.
1091 4683 1217 4734 vincent.
1232 4682 1342 4734 Bellov.
1363 4681 1411 4748 qui
1429 4681 1510 4748 Spee.
1526 4680 1589 4732 Nat.
1609 4681 1718 4746 xxnlg
1739 4684 1781 4731 65.
1803 4695 1855 4731 ex-

683 4822 794 4889 „Verba
807 4827 935 4881 Platonis
951 4848 1011 4884 cam
1026 4834 1161 4886 Cicerone
1175 4852 1242 4887 oon·
1325 4840 1350 4887 9.
1393 4834 1523 4887 rationali
1557 4832 1627 4901 eunt]
1663 4830 1853 4884 indicativum

682 4891 740 4944 lert
760 4892 822 4946 Ant.
848 4897 975 4951 Mur-elue
997 4903 1063 4955 Ver.
1088 4903 1165 4965 llll,
1195 4906 1241 4953 ³.“
1291 4903 1403 4954 modurn
1428 4920 1444 4953 e
1469 4902 1547 4954 codd.
1576 4900 1720 4968 plerisque
1745 4899 1853 4966 recepi,

683 4959 775 5013 ΕΜ·
1291 4988 1374 5037 quum
1400 4970 1560 5022 Macrobius
1583 4970 1697 5037 saepiae
1723 4968 1854 5034 posuerit

703 5034 740 5082 sl.
776 5031 1240 5106 puadlvid.not.adlilr.l‚cap.
1290 5040 1365 5090 hunc
1390 5039 1518 5101 modum,
1548 5037 1597 5089 ulei
1624 5037 1766 5103 ponendas
1789 5043 1854 5088 crat

682 5097 817 5165 malls·
1291 5106 1493 5157 coniunctivae.
1526 5105 1587 5155 Vid.
1607 5111 1663 5156 not.
1682 5106 1717 5157 ad
1737 5104 1760 5165 l,
1779 5109 1805 5166 1,
1823 5107 1852 5156 4.

715 5169 741 5217 8.
779 5170 938 5236 eaquaeet]
957 5170 987 5222 ld
1004 5172 1076 5238 quod
1096 5171 1239 5240 exaliqua
1291 5180 1320 5225 et
1335 5173 1359 5235 l,
1377 5176 1419 5232 ll,
1433 5178 1460 5223 7.
1495 5171 1852 5225 0lreandemcauaamin

681 5236 807 5303 tempora
836 5246 893 5303 cet,
929 5248 1084 5311 opponatur
1111 5241 1239 5308 aequenti
1290 5239 1472 5307 sequentibus
1489 5239 1605 5308 scripsi:
1636 5248 1698 5297 enai
1716 5278 1740 5293 ..
1759 5241 1807 5307 qni
1824 5276 1851 5295 ι.

683 5306 754 5368 quod
770 5322 870 5377 iamper
888 5315 934 5364 cat.
1290 5308 1415 5364 madunt.
