5092 6425
716 973 813 1019 xxxvi
1159 947 1492 1017 PROLEGOMENA.

718 1121 959 1188 Cantabrigiensis
977 1121 1124 1184 praelecto
1143 1122 1261 1172 eundem
1279 1121 1356 1173 iilum
1375 1121 1500 1173 codicem
1518 1132 1601 1172 manu
1613 1119 1747 1182 scriptum
1764 1131 1850 1183 equo
1870 1121 1938 1172 haec

717 1223 750 1261 ae
768 1210 903 1273 petivisse
922 1207 978 1258 iste
999 1206 1155 1270 simulavit:
1174 1210 1203 1257 et
1221 1205 1278 1257 vidi
1295 1207 1365 1256 meis
1385 1207 1477 1257 oorrlis
1495 1205 1563 1255 nihil
1581 1217 1641 1256 eam
1661 1206 1809 1256 continere
1822 1209 1939 1270 amplius

718 1308 799 1359 quam
817 1298 931 1344 eeteros
954 1293 1087 1356 codices,
1115 1291 1183 1342 nihil
1204 1292 1301 1343 ordine
1318 1291 1385 1342 alio.
1419 1294 1497 1342 Nave
1515 1296 1597 1354 putes
1617 1294 1683 1344 este
1701 1292 1748 1341 vel
1767 1292 1860 1342 luisse
1880 1293 1940 1357 plu-

718 1393 766 1431 res
797 1378 996 1443 Cantabrigiae
1027 1379 1144 1430 codices
1166 1378 1320 1444 Macrobii,
1349 1377 1488 1440 aliumque
1516 1377 1606 1428 luisse
1633 1390 1695 1428 eum
1727 1390 1782 1440 ouo
1812 1383 1940 1430 uteretur

720 1467 878 1528 Fontanus,
896 1465 1030 1528 leguntur
1045 1465 1074 1514 in
1091 1464 1180 1526 primo
1198 1463 1260 1514 eius
1278 1462 1347 1513 lolio
1365 1464 1435 1513 haec
1454 1463 1554 1513 verba:
1579 1462 1721 1527 „Contulit
1739 1463 1809 1513 dunc
1826 1464 1939 1515 codicem

612 1564 618 1577 ·
721 1551 758 1600 la.
783 1549 903 1600 isaacius
922 1549 1082 1603 .Pontanus“
1102 1550 1167 1613 ’ἥς
1197 1553 1226 1598 et
1249 1562 1284 1599 ex
1309 1549 1372 1610 ipso
1389 1548 1498 1598 ¹codice
1520 1552 1615 1610 potest
1637 1547 1752 1611 probari
1776 1550 1849 1599 trisne
1875 1563 1939 1600 esse

719 1648 799 1698 qrrem
826 1636 860 1684 ad
881 1634 1053 1686 Macrobius:
1076 1635 1271 1685 emendandum
1302 1633 1351 1683 ille
1375 1633 1538 1683 adhibuerit.
1585 1636 1654 1683 Nam
1677 1646 1748 1696 quae
1774 1634 1840 1684 aliis
1866 1635 1938 1684 locis

720 1733 756 1770 ex
772 1717 921 1787 „scripto“
939 1720 984 1770 vel
1001 1716 1197 1785 „Angiicano“
1219 1720 1265 1769 vel
1285 1716 1555 1784 „cantabrigiensi“
1579 1717 1675 1782 affert,
1707 1731 1742 1768 ea
1765 1718 1793 1768 in
1818 1720 1872 1769 troo
1891 1732 1940 1770 co·

719 1806 782 1855 dica
797 1805 977 1856 inveniuntur
994 1805 1142 1870 pleraque,
1171 1808 1200 1854 et
1224 1803 1253 1855 in
1274 1802 1311 1853 iis
1334 1808 1399 1854 suut
1416 1805 1550 1855 nonnulla
1568 1816 1639 1866 quaa
1656 1802 1737 1853 inuitis
1756 1804 1866 1855 codicis
1884 1804 1940 1855 sint

719 1890 832 1953 propria
853 1890 908 1954 ³⁵).
942 1890 1021 1949 Quae
1039 1894 1131 1939 autem
1149 1891 1179 1939 ut
1198 1901 1214 1938 e
1233 1901 1286 1938 suo
1304 1889 1403 1939 codice
1419 1889 1564 1940 Pantanus
1583 1889 1680 1939 retulit
1697 1888 1890 1951 discrepantia
1906 1892 1938 1941 ab

719 1975 755 2025 iis
775 1987 846 2038 qrrae
863 1976 996 2038 leguntur
1010 1975 1039 2024 in
1056 1977 1109 2025 hoo
1128 1972 1366 2036 cantabrigiensi,
1379 1987 1414 2023 ea
1432 1978 1482 2024 aut
1498 1973 1634 2023 eiusmodi
1648 1976 1728 2040 sunt,
1743 1980 1773 2024 ut
1794 1975 1843 2025 ilie
1862 1977 1939 2026 codi-

720 2061 764 2111 cis
782 2060 949 2123 scripturam
970 2059 1098 2110 videatur
1118 2059 1209 2110 nunus
1231 2063 1367 2108 accurate
1381 2050 1555 2108 ¹enotavisse
1575 2059 1636 2124 86),
1663 2062 1712 2109 aut
1731 2059 1885 2124 eiusmodI,
1910 2066 1939 2112 ιιι

720 2147 782 2208 ipsa
800 2159 835 2196 ea
851 2134 968 2195 finxisse
987 2144 1125 2212 videatur,
1144 2151 1174 2196 ut
1189 2147 1237 2196 aut
1253 2140 1334 2193 fidem
1353 2144 1462 2194 taceret
1478 2144 1514 2194 iis
1534 2156 1605 2207 quae
1620 2155 1672 2206 pro
1692 2145 1768 2194 veris
1787 2147 1875 2196 veliet
1890 2149 1939 2197 lra-

720 2232 797 2298 bcri,
827 2235 876 2281 aut
897 2229 950 2281 sibi
973 2233 1087 2292 pararet
1112 2229 1292 2281 occasionem
1318 2229 1478 2292 proterendi
1503 2227 1711 2280 adnotationem
1729 2231 1867 2295 quandam
1884 2229 1937 2296 ³⁷),

720 2350 1126 2364 Μ

789 2421 834 2478 ³⁴)
853 2416 931 2469 Alius
948 2416 1012 2484 qais
1030 2416 1237 2484 subscripserat
1254 2417 1397 2478 nonnulla,
1416 2417 1518 2484 quibus
1532 2422 1580 2469 ant
1598 2416 1702 2470 iecisse
1718 2421 1766 2469 aut
1782 2417 1938 2484 abrogasse

720 2485 831 2537 videtur
849 2485 932 2537 iidem
951 2486 1089 2547 Foutauo,
1118 2502 1191 2536 nunc
1209 2502 1275 2537 voro
1293 2487 1334 2538 its
1356 2485 1464 2550 deleta,
1493 2492 1523 2536 ut
1541 2485 1652 2537 nonnisi
1667 2486 1785 2553 abrupta
1801 2485 1937 2551 quaedam

721 2551 780 2619 legi
798 2552 906 2619 possint
923 2553 1024 2604 verba:
1047 2551 1181 2618 „Optime
1200 2587 1207 2602 .
1226 2591 1231 2603 .
1251 2587 1259 2603 .
1279 2568 1296 2603 a
1313 2553 1437 2604 Pontiano
1455 2587 1463 2604 .
1481 2588 1489 2604 .
1507 2588 1515 2604 .
1535 2569 1619 2619 saepe
1638 2555 1768 2606 laudatus
1785 2587 1794 2602 .
1812 2587 1820 2603 .
1838 2588 1846 2603 .
1865 2569 1938 2604 sem-

721 2637 771 2688 per
790 2619 897 2685 optima
917 2618 973 2670 aas
992 2654 999 2669 .
1018 2654 1026 2669 .
1043 2654 1050 2669 .
1069 2619 1104 2670 ab
1122 2619 1174 2670 illo
1192 2653 1200 2670 .
1219 2654 1226 2668 .
1245 2657 1252 2671 .
1271 2636 1305 2670 ex
1324 2621 1475 2672 collatione
1493 2627 1599 2687 patet.“

791 2685 1059 2752 85)(11’.1,4,1’1.
1082 2694 1170 2738 autem
1193 2688 1363 2740 coertione
1383 2689 1496 2750 Avieno,
1526 2688 1574 2741 ubi
1605 2688 1746 2739 Fontanus
1773 2703 1828 2739 nna
1853 2687 1937 2740 litera

720 2759 828 2807 mutata
847 2753 1055 2805 affertaoerlsi
1073 2771 1143 2816 ore:
1177 2754 1272 2819 1,10,
1301 2759 1341 2807 18.
1360 2757 1579 2817 comitabantur,-
1611 2755 1642 2821 1,
1661 2759 1708 2820 12,
1725 2759 1751 2806 3.
1771 2761 1850 2816 (cum
1876 2755 1936 2807 edd.

721 2828 803 2882 vett.)
823 2824 897 2890 puio
915 2839 1014 2882 annus:
1036 2821 1060 2885 1,
1077 2826 1121 2886 24,
1140 2825 1181 2874 11.
1198 2839 1253 2873 om·
1270 2823 1352 2885 uitio:
1370 2822 1421 2885 111,
1442 2827 1469 2887 3,
1487 2827 1511 2874 1.
1529 2825 1607 2885 (adul.
1626 2823 1654 2875 iu
1673 2828 1777 2891 marg.)
1796 2825 1861 2890 quid
1875 2840 1937 2891 pro-

718 2891 845 2958 planum
863 2890 951 2952 (sic),·
983 2888 1035 2951 111,
1057 2891 1096 2950 14,
1114 2894 1138 2940 l.
1158 2893 1282 2952 sabuco:
1310 2890 1356 2953 iu,
1375 2894 1400 2941 3.
1419 2893 1443 2941 4.
1461 2893 1605 2953 iuvenali:
1633 2891 1678 2953 11,
1696 2895 1761 2954 1,2.
1780 2892 1937 2953 levaverit:

718 2959 778 3019 vn,
800 2964 840 3021 10,
858 2962 882 3008 9.
902 2964 933 3018 (a
952 2973 1007 3008 sec.
1023 2963 1073 3018 m.)
1091 2959 1259 3019 viscositas,-
1286 2958 1345 3021 vn,
1368 2962 1408 3023 13,
1427 2961 1466 3009 14.
1486 2960 1561 3011 anuli
1579 2959 1717 3011 otiocitas.

788 3030 833 3085 ³⁰)
852 3024 894 3076 Gi.
913 3024 935 3088 1,
955 3027 996 3086 11,
1010 3029 1047 3092 5.,
1065 3025 1113 3076 ubi
1130 3025 1272 3076 Fontanus
1291 3023 1388 3078 affert:
1408 3026 1506 3077 Vetus:
1526 3027 1716 3090 instauratam,
1736 3026 1784 3077 aad
1804 3024 1832 3076 iu
1852 3025 1873 3075 A
1895 3025 1937 3077 le-

719 3093 796 3160 gitur
814 3093 1041 3155 instourotitius3
1069 3093 1092 3157 1,
1113 3096 1154 3155 12,
1177 3096 1199 3143 1.
1221 3093 1378 3144 Fontanus:
1397 3096 1555 3159 conteruit,
1578 3094 1614 3144 A:
1631 3095 1764 3155 contexit:
1791 3093 1814 3157 1,
1831 3097 1875 3157 21,
1895 3097 1936 3144 15.

717 3162 873 3214 Fontanus:
893 3168 1030 3230 angusta,
1051 3162 1087 3212 A:
1107 3169 1307 3230 angustaque:
1333 3161 1356 3226 1,
1374 3163 1417 3224 24,
1437 3166 1477 3212 12.
1495 3162 1652 3214 Fontanus:
1671 3170 1863 3225 exterrentur,
1881 3160 1936 3214 nisi

717 3230 806 3281 fuerit
824 3238 1022 3292 extenuantur,
1039 3231 1075 3280 A:
1092 3237 1321 3291 eximerentur:
1337 3230 1374 3281 ib.
1394 3231 1417 3295 i.
1435 3234 1475 3280 15.
1497 3230 1656 3282 Fontanus:
1673 3231 1804 3282 audienti
1818 3248 1871 3281 non
1888 3231 1935 3281 in·

717 3300 796 3363 uidit,
812 3298 847 3349 A:
867 3298 997 3349 audiendi
1012 3315 1064 3349 non
1080 3298 1148 3348 vidit
1165 3303 1240 3364 (sup.
1257 3297 1321 3349 add.
1337 3299 1378 3357 in)
1387 3316 1397 3358 ‚·
1415 3297 1451 3360 11,
1467 3301 1543 3363 1,10.
1563 3299 1717 3349 Fontanus:
1731 3307 1760 3367 ct
1776 3304 1845 3359 (om.
1856 3299 1935 3362 iam),

717 3367 753 3419 A:
769 3368 866 3430 etiam:
891 3366 929 3430 11,
947 3368 974 3429 4,
992 3370 1033 3416 12.
1055 3366 1209 3418 Fontanus:
1228 3365 1258 3416 ln
1278 3366 1433 3433 Anglicano
1452 3373 1546 3417 nostro
1565 3373 1593 3417 ct
1610 3371 1664 3418 vet.
1679 3365 1757 3433 vulg.
1775 3372 1936 3418 constanter

718 3441 844 3486 remanet
861 3434 1011 3496 metuclle:
1028 3434 1065 3485 A:
1080 3434 1209 3495 metulla:
1225 3432 1264 3497 ΙΙ,
1281 3438 1307 3498 6,
1324 3437 1349 3485 5.
1366 3434 1523 3485 Fontanus:
1545 3434 1637 3499 Quid?
1655 3451 1706 3502 ego
1723 3451 1778 3486 uno
1795 3452 1877 3485 usonu
1893 3435 1934 3485 lu-

718 3504 803 3566 dam,
821 3502 856 3552 A:
879 3502 949 3567 Quid
966 3518 1031 3569 ego,
1051 3503 1171 3568 inquit,
1187 3518 1241 3553 una
1257 3519 1338 3552 manu
1359 3502 1443 3563 ludo:
1470 3501 1522 3563 111,
1541 3506 1568 3566 2,
1586 3507 1611 3553 3.
1631 3502 1784 3553 Fontanus:
1804 3502 1934 3567 distento,

717 3570 752 3620 A:
773 3570 814 3621 dis
829 3576 919 3631 lanto:
939 3567 991 3630 111,
1013 3573 1053 3628 13,
1071 3571 1096 3619 4.
1116 3569 1271 3621 Fontanus:
1290 3570 1412 3637 gerelmi,
1432 3570 1469 3619 A:
1488 3570 1635 3635 querebat:
1658 3569 1710 3633 111,
1729 3573 1771 3634 14,
1789 3573 1815 3619 6.
1832 3569 1934 3621 Fonta-

716 3652 783 3687 nus:
803 3637 961 3697 studiosos,
980 3634 1016 3686 A:
1034 3636 1177 3699 studiosa:
1200 3635 1345 3700 111,5,11.
1366 3636 1522 3687 Fontanus:
1541 3640 1632 3702 some,
1654 3636 1690 3687 A:
1705 3640 1805 3702 sarno:
1829 3636 1891 3702 vn,
1907 3640 1934 3701 5,

716 3706 762 3754 22.
782 3703 939 3753 Fontanus:
954 3712 1105 3769 perpetuae
1121 3703 1284 3768 edacitatis,
1306 3703 1343 3754 A:
1359 3712 1489 3771 perpetuo
1504 3722 1572 3755 eum
1591 3706 1737 3766 edacitati,-
1754 3704 1813 3767 VH,
1832 3706 1873 3765 15,
1893 3707 1933 3757 10.

715 3771 873 3822 Fontanus:
890 3770 1024 3837 polenta,
1040 3771 1077 3820 A:
1093 3773 1269 3837 potulentu3
1295 3771 1355 3836 vn,
1376 3776 1416 3835 16,
1432 3776 1475 3823 21.
1493 3772 1649 3824 Fontanus:
1672 3772 1801 3838 Scriptus
1819 3771 1934 3823 videba-

716 3842 763 3889 tur
779 3839 886 3888 reterre
905 3838 914 3903 [
943 3835 980 3904 us]
996 3839 1085 3898 nitro,
1104 3839 1150 3890 A:·
1163 3840 1279 3904 Quitro.

785 3909 829 3964 87)
846 3904 868 3967 Ι,
885 3910 911 3968 l,
960 3902 1014 3955 ..in
1033 3904 1093 3957 cod.
1112 3906 1133 3956 A
1153 3905 1259 3975 legitur
1277 3906 1440 3971 diuinitatis,
1459 3905 1774 3959 Fontanusadnotarit:
1794 3905 1934 3970 „Videba-

716 3978 762 4024 tur
785 3974 891 4025 relorro
915 3972 1085 4039 Anglicanus
1109 3973 1160 4025 ille
1184 3981 1263 4027 vetus
1286 3975 1485 4027 diuitiarum·
1523 3976 1603 4041 Quod
1624 3978 1820 4041 quaeramus.“
1838 4002 1872 4012 -
1894 3973 1933 4025 in.

713 4041 788 4161 225.
811 4042 845 4093 A:
864 4048 1033 4103 stercutum,
1057 4041 1212 4093 Fontanus:
1232 4042 1380 4108 „Scriptus
1400 4044 1569 4112 stergutius,
1589 4043 1662 4109 quod
1682 4043 1759 4095 vaiet
1775 4043 1933 4094 stercutius.

698 4107 701 4113 ’
736 4110 854 4161 olemnis
872 4108 945 4160 enirn
963 4108 1105 4162 veteribus
1123 4110 1303 4162 commutatio
1319 4111 1374 4162 tait
1392 4110 1536 4162 literarum
1555 4111 1589 4161 G.
1602 4110 1654 4161 G.“
1672 4115 1723 4162 ete.
1742 4109 1815 4174 -1,
1831 4114 1873 4170 ll,
1889 4113 1931 4159 29.

713 4177 749 4229 A:
773 4187 803 4231 ut
881 4179 950 4229 hisce
967 4178 1059 4229 hostiis
1079 4195 1180 4230 sacrum
1204 4181 1323 4242 facerent
1346 4180 1472 4246 apollini,
1499 4180 1654 4230 Fontanus:
1682 4176 1932 4243 „Scriptoaberal

712 4262 824 4298 soccum.
860 4245 1019 4297 Banissime
1042 4244 1099 4306 (sic
1118 4246 1204 4298 etium
1227 4246 1260 4298 ad
1284 4245 1343 4307 vri,
1363 4250 1388 4308 9,
1409 4250 1457 4307 1.).
1493 4245 1594 4297 Notum
1618 4247 1672 4297 hoe
1690 4244 1832 4297 Maronis:
1867 4246 1932 4296 Cum

708 4316 813 4379 faciam
827 4315 921 4365 vitula.
956 4314 992 4364 Ει
1013 4314 1116 4363 mirum
1134 4330 1216 4379 quam
1240 4312 1354 4365 affectet
1371 4313 1432 4365 eius
1450 4314 1553 4381 ubique
1572 4314 1721 4365 dictionem
1739 4312 1931 4364 Macrobius.‘⁴

713 4407 746 4417 -
762 4380 785 4442 1,
803 4383 846 4441 23,
863 4384 888 4430 2.
911 4381 944 4429 A:
964 4380 1007 4430 cui
1024 4382 1103 4431 unda
1121 4382 1214 4433 occani
1229 4382 1301 4432 uelut
1317 4381 1400 4447 dapes
1418 4383 1540 4448 praelat,
1562 4382 1718 4433 Fontanus:
1739 4380 1931 4447 „Anglioanus

712 4446 756 4497 aui
772 4447 876 4498 unctam
894 4447 993 4498 occani.
1028 4446 1083 4498 Sed
1102 4448 1156 4499 hac
1170 4449 1292 4500 lectione
1306 4449 1396 4500 oratio
1413 4450 1459 4499 vix
1477 4455 1548 4514 stat,
1577 4467 1629 4501 nec
1647 4451 1765 4518 vulgata
1782 4447 1930 4500 sententia.

710 4511 771 4564 Non
788 4512 916 4581 ambigo,
942 4513 1007 4580 qnia
1023 4514 1172 4582 scripserit
1190 4516 1421 4586 longaevumcui
1439 4518 1542 4569 undam
1559 4521 1707 4570 oceanus.“
1727 4544 1758 4553 -
1779 4516 1808 4579 1,
1829 4520 1873 4579 24,
1887 4518 1930 4567 20.

710 4578 745 4630 A:
775 4588 803 4632 ut
828 4582 1004 4634 litteratorum
1031 4585 1145 4636 omniun:
1174 4585 1259 4653 longe
1285 4585 1426 4636 mocimus
1450 4585 1543 4653 palan:
1560 4587 1666 4651 saciat,
1694 4585 1849 4636 Fontanus:
1879 4581 1930 4646 „ln

710 4646 822 4714 Scripta
841 4655 932 4700 teman
952 4654 1028 4701 erat:
1046 4652 1167 4721 longius
1184 4652 1303 4704 manime
1318 4652 1411 4719 polam
1427 4654 1522 4716 saciat.
1557 4652 1692 4720 Anrlsigo,
1710 4651 1846 4703 amfuerit
1869 4651 1929 4702 lin-

708 4715 783 4796 guis·
795 4717 940 4799 611111111ιέ1Ι
953 4716 1048 4814 -ί11,
1065 4723 1091 4780 2,
1113 4724 1135 4770 1.
1151 4717 1187 4769 A:
1206 4721 1321 4785 aspicit,
1337 4721 1494 4801 Fontanus:
1513 4720 1662 4787 „Scriptus
1681 4721 1805 4787 inspicit.
1834 4720 1930 4771 Gloss.

708 4779 1188 4920 titii:iitiitntiradt
1205 4786 1261 4904 ti·
1276 4787 1930 4922 i::uitii'ttiitttitt'tutati:

708 4924 753 4970 tur
768 4920 840 4970 locus
854 4920 883 4970 in
901 4936 952 4987 quo
969 4920 1062 4986 epulae
1078 4920 1107 4971 ia
1124 4924 1220 4986 sunere
1238 4923 1451 4974 comburantur.“
1475 4951 1506 4960 -
1528 4923 1566 4988 11,
1584 4926 1609 4987 4,
1627 4928 1671 4975 30.
1694 4921 1731 4974 A:
1765 4923 1840 4974 Satis
1858 4922 1929 4975 domi

708 4985 882 5038 salutatorum
900 4988 995 5039 talium
1012 4987 1126 5053 labeo,
1156 4988 1311 5039 Fontanus:
1332 4990 1461 5056 *„Aberat
1478 5006 1494 5041 a
1511 4990 1623 5057 Scripta
1641 4992 1732 5042 habeo.
1768 4990 1826 5041 Nea
1845 4991 1929 5041 male.

708 5052 889 5106 Commendat
911 5054 986 5105 enim
1004 5054 1122 5127 dicteria
1145 5061 1245 5124 arguta
1268 5056 1321 5109 iiia
1351 5059 1505 5109 brevitas.“
1521 5085 1554 5098 -
1577 5059 1629 5120 111,
1651 5064 1673 5123 1,
1691 5063 1718 5109 6.
1742 5057 1781 5108 A:
1801 5059 1927 5122 instituit,

706 5120 860 5175 Fontanus:
890 5121 977 5185 „Erat
993 5120 1021 5174 in
1041 5123 1149 5175 calamo
1167 5128 1295 5175 exarato:
1322 5126 1416 5184 inferis
1435 5126 1538 5178 statuit.
1572 5127 1609 5177 Et
1627 5144 1660 5178 ea
1680 5143 1731 5177 vox
1750 5127 1865 5192 propria
1881 5142 1928 5178 aa·

705 5205 816 5242 erorum
831 5193 893 5241 est“
909 5195 962 5241 cet.
978 5219 1012 5228 -
1029 5189 1079 5253 111,
1093 5196 1119 5253 l,
1135 5194 1161 5241 2.
1180 5191 1214 5243 A:
1236 5192 1385 5259 Tarquini,
1405 5194 1561 5245 Fontanus:
1581 5194 1633 5254 „ln
1651 5193 1739 5245 veteri
1760 5199 1838 5244 recte
1860 5195 1927 5244 'Far-

701 5260 804 5322 quinii.
842 5259 904 5325 Quo
926 5264 955 5310 at
973 5257 1026 5310 illa
1044 5258 1184 5311 Lactantii
1205 5259 1424 5327 spectaverint‚“
1443 5266 1496 5311 cet.
1521 5288 1554 5299 -
1578 5262 1628 5324 ill,
1650 5267 1682 5312 18
1696 5262 1748 5327 (11,
1767 5261 1821 5324 14),
1839 5264 1866 5311 6.
1888 5260 1925 5311 A:

684 5324 718 5397 flu
727 5326 875 5390 proaltiu',
900 5326 1060 5386 Pomanus:
1081 5326 1349 5397 „cantabrigiensis
1366 5327 1502 5395 scriptus:
1522 5330 1552 5380 in
1571 5331 1679 5397 pratici
1684 5348 1705 5381 c.
1741 5328 1925 5380 Divinabum:

671 5400 706 5433 tn
714 5392 890 5461 prelucida,
914 5394 1084 5453 Ducarius“
1102 5404 1157 5455 cat.
1175 5429 1210 5440 ·-
1230 5398 1277 5466 lu,
1295 5402 1324 5464 2,
1342 5402 1368 5451 9.
1388 5396 1424 5449 A:
1442 5397 1502 5450 lano
1519 5399 1747 5465 frequentibus,
1763 5395 1926 5447 Fontanus:
