5092 6425
775 910 912 980 COMM.
933 909 977 979 IN
998 906 1125 976 SOMN.
1147 905 1245 974 SCIP.
1288 907 1363 972 LIB.
1385 907 1409 971 Ι.
1451 907 1542 974 CAP.
1564 908 1644 974 VIII.
1666 907 1720 974 ut
1789 909 1829 977 61

660 1093 736 1148 tates
756 1083 953 1169 appellantur.
996 1080 1076 1148 Nem
1100 1086 1132 1143 ct
1153 1076 1272 1144 servilis
1301 1075 1457 1163 quondum
1481 1083 1513 1142 et
1536 1052 1697 1161 gladitoria
1724 1101 1833 1148 manus

618 1229 623 1235 .
660 1169 791 1233 coucilia
817 1168 971 1232 homiuum
998 1173 1030 1230 et
1056 1175 1153 1229 coetos
1175 1161 1316 1239 luerunt,
1355 1162 1408 1227 sed
1437 1183 1499 1226 nou
1526 1164 1595 1227 iure
1620 1165 1733 1230 coctam
1775 1169 1832 1232 Illa

660 1261 766 1317 eutem
792 1252 857 1316 sola
879 1251 960 1316 iusta
979 1259 1027 1315 est
1049 1248 1230 1327 multitudo,
1267 1247 1355 1313 ouius
1375 1246 1559 1314 universitas
1580 1247 1613 1312 in
1631 1248 1735 1334 legum
1757 1262 1883 1334 oon-[ee]

659 1338 755 1402 sentit
774 1336 967 1421 obsequium.

745 1423 800 1486 IX.
845 1420 938 1499 Quod
960 1440 1033 1485 vero
1056 1419 1113 1484 nit:
1148 1417 1269 1482 Herem
1289 1427 1416 1482 rectores
1439 1431 1467 1483 et
1485 1429 1648 1485 cavatores
1668 1419 1740 1487 dioc
1753 1431 1856 1510 pra-l

657 1510 730 1593 secti
747 1507 806 1571 leuc
826 1516 1024 1579 reuertuntur,
1044 1504 1103 1568 hoc
1120 1502 1213 1567 modo
1235 1502 1446 1588 accipiendum
1467 1511 1522 1569 est.
1563 1505 1747 1572 Animarum
1768 1509 1829 1572 ori·

661 1594 764 1677 ginem
800 1611 924 1656 menore
956 1590 995 1654 de
1023 1590 1108 1654 caelo
1140 1588 1220 1653 iuter
1251 1596 1333 1652 recte
1361 1587 1612 1674 philosophantes
1640 1591 1828 1658 indubitatae

660 1685 781 1742 constat
801 1697 868 1741 esse
890 1674 1075 1740 sententiae:
1100 1681 1132 1738 et
1152 1673 1288 1751 animae,
1308 1673 1382 1738 dum
1403 1694 1533 1758 corpore
1553 1676 1665 1754 utitur,
1684 1676 1764 1743 haee
1782 1686 1829 1743 est

658 1761 794 1848 perlecta
816 1761 980 1846 sapientia,
1009 1767 1060 1836 ut,
1086 1757 1169 1823 unde
1191 1767 1259 1823 orte
1282 1757 1338 1835 sit,
1371 1756 1409 1822 de
1430 1778 1493 1842 quo
1513 1759 1598 1824 lonte
1619 1763 1752 1840 venerit,
1779 1784 1828 1827 re-

660 1854 833 1930 cognoscet.
882 1845 962 1910 Hinc
983 1844 1059 1910 illud
1082 1843 1256 1929 aquodam
1280 1843 1361 1907 inter
1386 1843 1445 1908 ntia
1467 1864 1524 1910 seu
1542 1842 1649 1911 festiva
1666 1866 1725 1912 seu
1746 1853 1859 1917 mor-2

661 1931 748 1996 dacia
769 1931 849 1995 serio
870 1933 974 1995 temen
993 1936 1176 2014 usurpatum
1196 1937 1258 1993 est:

745 2053 788 2062 —
808 2016 856 2080 De
876 2016 955 2080 eaelo
977 2015 1127 2080 descendet
1150 2014 1265 2077 Γνῶθι
1287 2007 1431 2077 σεαυτόν.

659 2101 738 2167 Nem
761 2108 793 2165 ct
811 2099 954 2186 Delphici
975 2120 1034 2164 vox
1055 2099 1131 2164 heee
1152 2096 1250 2163 fertur
1271 2096 1397 2163 oraculi.
1439 2097 1636 2178 Consulcnti,
1668 2101 1707 2167 ed
1731 2103 1828 2169 heati-

659 2187 798 2250 tudinem
820 2206 883 2270 quo
902 2184 1013 2250 itinere
1034 2182 1224 2270 pervenerit:
1249 2181 1290 2248 Si
1306 2194 1347 2258 te,
1369 2181 1485 2280 inquit,
1506 2187 1671 2270 macoma.
1714 2187 1774 2254 Sed
1796 2196 1829 2254 et

660 2271 758 2355 ipsius
780 2269 874 2334 fronti
898 2269 1007 2354 templi
1028 2268 1104 2334 hacc
1124 2269 1270 2352 inscripta
1292 2275 1442 2332 sententie
1464 2277 1520 2333 est.
1566 2271 1693 2336 Homini
1715 2280 1857 2350 autem,3

659 2363 697 2420 ut
717 2354 866 2431 diximus,
900 2373 962 2419 una
984 2361 1031 2419 est
1051 2353 1165 2438 agnitio
1185 2353 1248 2431 sui,
1284 2353 1310 2417 si
1336 2352 1463 2437 originis
1489 2355 1661 2453 natalisque
1686 2357 1828 2444 principii

660 2440 786 2505 exordia
808 2439 907 2524 prima
928 2439 1111 2524 respexerit,
1131 2461 1186 2504 uec
1205 2461 1236 2503 se
1253 2439 1432 2525 quaeueere't
1450 2450 1544 2505 eatra.
1588 2440 1637 2505 Sic
1658 2442 1741 2507 euim
1763 2444 1828 2508 eni·

659 2547 711 2590 mn
739 2525 869 2590 virtutes
896 2524 978 2609 ipses
1012 2523 1196 2590 conscientia
1225 2522 1394 2588 nobilitatis
1423 2523 1576 2602 induitur,
1617 2527 1730 2612 quibus
1759 2536 1830 2614 post

660 2631 771 2695 corpus
792 2616 896 2676 evecta
917 2630 954 2674 eo
977 2608 1060 2674 unde
1082 2608 1281 2674 descenderet
1300 2616 1491 2694 reportetur,
1511 2610 1585 2708 quia
1604 2631 1661 2676 neo
1683 2633 1830 2698 corporee

659 2696 808 2760 sordescit
830 2695 877 2760 vel
900 2700 1048 2759 oneretur
1069 2694 1185 2772 eluvie,
1210 2714 1290 2778 quae
1312 2715 1391 2780 puro
1413 2715 1448 2759 ee
1470 2694 1529 2760 levi
1552 2694 1658 2761 fomite
1679 2697 1829 2764 virtutum

659 2781 791 2866 rigetur,
823 2801 879 2846 nco
901 2779 1073 2846 deseruisse
1095 2800 1244 2866 umquem
1273 2779 1392 2846 caelum
1413 2778 1550 2862 videtur,
1585 2782 1668 2868 quod
1688 2792 1832 2870 respectu

1453 2903 1539 2966 [Edd.
1558 2902 1763 2974 vicuhgspdzh.

658 2987 731 3040 Bru.
760 3016 789 3026 -
814 2987 926 3042 coucilia
951 2993 982 3041 ct
1005 2994 1076 3041 cetus
1092 2990 1205 3055 fucmnt
1230 2987 1365 3041 homiuum
1391 2987 1442 3040 m.
1468 3015 1503 3028 ·-
1526 2989 1731 3044 uniuersitatis
1758 2988 1831 3043 Bne.

726 3055 775 3107 Ill.
819 3059 909 3124 Caput
931 3057 979 3108 IX.
1017 3057 1075 3121 Quo
1099 3075 1175 3110 seusu
1195 3056 1450 3125 rerumpublicarum
1469 3064 1581 3109 rectores
1602 3074 1616 3109 e
1634 3060 1705 3110 coeto
1724 3058 1831 3112 descen-

658 3125 729 3176 disse
747 3141 826 3192 eoque
843 3125 941 3176 reverti
955 3125 1088 3177 dicautur.
1105 3126 1185 3176 cii-h.
1340 3127 1363 3174 1.
1401 3124 1513 3191 Harum]
1532 3124 1627 3176 Soron.
1645 3125 1696 3190 III,
1715 3130 1739 3178 1.
1777 3127 1832 3178 lle-

659 3200 743 3245 etores
757 3192 852 3246 harum
869 3209 896 3244 v.
932 3209 1028 3244 earum
1045 3200 1107 3247 rect.
1126 3209 1187 3261 oso.
1206 3190 1261 3257 8,§
1283 3194 1307 3243 1.
1324 3190 1394 3243 Mos.
1411 3199 1440 3244 et
1454 3192 1524 3243 Edu.
1538 3208 1644 3245 omncs.
1660 3220 1694 3234 -
1712 3211 1832 3247 couscr-

659 3266 766 3311 uatores
782 3259 880 3312 Rl'l'n.
897 3289 930 3299 -
949 3269 973 3313 et
991 3262 1086 3312 anima
1106 3262 1156 3312 RI.
1173 3287 1208 3299 -
1224 3260 1290 3312 hacc
1305 3262 1425 3327 perfecta
1441 3260 1510 3325 (om.
1529 3261 1582 3325 eet)
1601 3263 1651 3313 Rl.
1666 3288 1700 3299 -
1718 3268 1748 3313 ct
1762 3263 1833 3313 uude

661 3327 713 3377 RI.
729 3329 809 3380 —sit
825 3336 884 3381 orta
900 3327 932 3379 F.
949 3356 983 3367 -
1001 3336 1035 3380 et
1052 3329 1085 3380 de
1102 3347 1153 3397 ouo
1169 3329 1219 3377 ur.
1356 3332 1382 3378 2.
1417 3328 1571 3395 aquodam]
1586 3326 1604 3378 i.
1618 3344 1642 3379 e.
1658 3327 1832 3392 1uv.xl,ur.

663 3422 691 3432 -
722 3394 790 3446 siue
806 3396 942 3448 mordacia
963 3394 1101 3447 FRann.
1124 3396 1221 3462 ,,Μι.“
1241 3422 1276 3434 -
1302 3395 1405 3445 coneto
1427 3394 1486 3445 Iuv.
1502 3394 1565 3445 edd.
1584 3395 1605 3446 l.
1622 3413 1647 3446 c.
1668 3422 1702 3433 -
1723 3396 1832 3447 deseen-

660 3462 738 3512 disti
757 3461 901 3514 ΓΗΙΥΘΙ
916 3464 968 3516 lu.
990 3492 1024 3503 -
1046 3464 1235 3517 beatitudinem
1255 3460 1568 3514 Busuiassmmmm.
1602 3464 1771 3515 beatitatem
1789 3463 1833 3514 us

660 3528 828 3581 uacuum.
849 3557 878 3567 -
897 3531 1062 3600 semoveris
1080 3547 1105 3583 v.
1118 3558 1151 3568 -
1168 3538 1193 3584 et
1211 3532 1281 3596 (ossi.
1300 3529 1360 3593 sed)
1378 3529 1429 3581 RI.
1446 3558 1473 3568 -
1493 3530 1529 3581 ia
1545 3530 1629 3599 ipsius
1641 3534 1743 3597 fronte
1760 3529 1832 3583 uns.

764 3600 789 3647 3.
825 3597 947 3649 Hominis
964 3598 1091 3651 Tmllnu.
1111 3626 1147 3639 ·-
1167 3605 1197 3650 ut
1216 3596 1342 3663 dicimus]
1365 3614 1389 3648 e.
1407 3601 1438 3660 8,
1462 3597 1521 3663 §³-
1538 3625 1573 3637 —
1594 3616 1650 3650 aaa
1667 3606 1706 3651 est
1726 3600 1833 3680 agnitio
1931 3626 1936 3640 x

659 3671 691 3716 ut
709 3664 824 3716 dicimus
838 3666 881 3717 sui
897 3666 969 3718 Bne.
986 3693 1019 3706 -
1041 3666 1207 3734 originalis
1224 3666 1278 3716 HI.
1299 3687 1327 3702 -
1348 3667 1500 3733 natalisque
1515 3666 1643 3735 principii
1660 3669 1770 3720 exordia
1787 3666 1832 3719 Bs

658 3733 960 3785 RemumRernum.
983 3734 1089 3801 „hinec
1112 3734 1314 3785 membraneo*
1335 3732 1421 3785 Gran.
1445 3732 1492 3799 qui
1515 3734 1606 3786 addit:
1641 3735 1711 3798 „Sic
1735 3736 1834 3819 tepen-

659 3801 734 3852 dum.
780 3800 879 3853 Solent
907 3802 982 3853 enim
1004 3801 1035 3853 hi
1058 3802 1225 3868 scriptores,
1259 3800 1346 3852 immo
1371 3808 1400 3854 et
1422 3801 1568 3866 meliores,
1603 3802 1646 3854 sic
1669 3801 1833 3864 πλεοναζειν.

658 3867 707 3919 Sic
724 3885 756 3920 su
779 3867 856 3920 erius
879 3868 964 3937 [conl.
983 3887 1007 3921 c.
1024 3873 1056 3935 2,
1077 3870 1090 3934 5
1107 3875 1135 3921 9.
1157 3876 1186 3921 ct
1201 3886 1225 3920 o.
1245 3873 1293 3934 lo,
1315 3869 1329 3934 5
1345 3868 1381 3937 9.]
1403 3869 1446 3921 his
1462 3869 1533 3921 dixit
1550 3872 1768 3923 caerimoniarum
1784 3888 1832 3921 sa-

658 3953 713 3986 cra.
754 3885 809 3987 god
834 3942 863 3988 et
887 3938 1081 4005 quaesiuerit
1103 3937 1157 3989 duo
1182 3937 1282 3999 (ctiam
1304 3936 1431 3997 uuus.)
1451 3937 1586 3990 hahent.“
1635 3939 1833 4005 naturalisque

655 4004 784 4071 principii
807 4006 860 4056 sui
883 4006 993 4058 eaordia
1011 4005 1081 4057 Burs.
1132 4006 1309 4073 principiique
1324 4006 1427 4057 natalis
1450 4006 1559 4057 exordia
1581 4006 1632 4056 Rs.
1679 4007 1834 4071 fatalisque

658 4077 734 4136 (sup.
750 4076 783 4131 a)
802 4073 995 4134 exordiamur.
1031 4072 1150 4140 riucipir]
1165 4072 1195 4123 F.
1229 4072 1382 4139 natalisque
1396 4074 1535 4141 principia
1550 4072 1660 4124 exordia
1676 4076 1710 4124 vl
1727 4072 1833 4136 „chus-

659 4140 777 4189 teceus“
803 4139 890 4191 Gran.
940 4090 1092 4206 natalisque
1114 4141 1255 4209 principia
1281 4147 1381 4206 atque
1406 4142 1516 4192 exordia
1542 4140 1643 4191 is-oP.
1666 4165 1701 4178 ·-
1724 4156 1772 4190 aec
1794 4141 1833 4208 se]

657 4204 737 4256 Pers.
754 4204 777 4268 I,
791 4210 817 4257 t.
837 4207 886 4258 uhi
903 4208 1015 4273 quidem
1031 4207 1137 4275 legitur
1154 4216 1185 4261 te
1203 4208 1381 4274 quaesiveris.
1416 4224 1454 4258 ae
1471 4208 1522 4257 Μ.
1540 4234 1571 4244 -
1592 4207 1630 4257 sic
1646 4206 1738 4257 anima
1755 4211 1833 4272 (sup.

658 4272 724 4323 add.
743 4273 826 4333 enim)
849 4275 900 4325 Re.
915 4302 950 4315 -·
971 4277 1154 4328 coutinentia
1180 4276 1233 4326 m,
1255 4300 1290 4313 -
1316 4275 1387 4325 uude
1409 4275 1484 4341 (sup.
1504 4273 1568 4325 add.
1590 4273 1635 4339 eo)
1658 4273 1708 4324 ΒΞ.
1734 4301 1763 4311 -
1785 4290 1834 4325 aec

658 4340 938 4473 liiimlfflslteii
959 4341 1292 4463 stehttttttti
1313 4341 1518 4475 etthi·
1542 4340 1834 4463 millitis·

691 4509 745 4575 III,
777 4514 805 4561 ὓ.
853 4514 1011 4581 consulenti}
1046 4514 1219 4580 „0rnculum
1271 4510 1318 4564 (li.
1342 4513 1530 4580 c.ll,§lss.
1555 4513 1833 4582 corpusinduiturs

656 4576 762 4630 croeso
794 4580 905 4632 dotum:
941 4576 1056 4634 Σαντὸν
1083 4577 1222 4649 γινώσκων
1271 4585 1300 4632 et
1316 4596 1340 4632 a.
1356 4583 1382 4645 ³,
1400 4581 1413 4647 ᾗ
1430 4586 1455 4634 6.
1473 4582 1604 4634 eruitur
1619 4583 1767 4650 passiones,
1781 4580 1832 4634 uhi

656 4640 797 4713 εὐδαίμων
816 4650 920 4716 Κροῖσε
939 4665 973 4701 res
991 4644 1091 4711 olosec.“
1109 4650 1220 4701 Ciues.
1271 4647 1327 4701 eid.
1345 4654 1401 4701 not.

656 4712 728 4766 Trio
749 4716 808 4768 elia
833 4718 950 4769 oracula
973 4668 1093 4783 helphis
1115 4717 1219 4769 Croeso
1304 4732 1373 4784 quae
1390 4732 1458 4783 puro
1487 4732 1520 4767 ac
1545 4715 1599 4767 leni
1619 4716 1716 4781 fomite
1742 4716 1831 4769 oirtu-

656 4781 722 4834 ‹Iata
743 4783 826 4837 affort
843 4786 1005 4839 Herodotus
1024 4786 1052 4849 l,
1077 4801 1156 4852 capp.
1176 4789 1218 4849 tr,
1270 4791 1327 4836 tum
1371 4782 1491 4853 rigatur]
1536 4783 1614 4835 Heoo
1654 4790 1833 4853 opponuntur

655 4852 702 4907 53,
719 4855 762 4902 55.
1270 4851 1501 4903 antecedentibus
1524 4868 1648 4920 corporea
1669 4853 1833 4906 sordescit

684 4920 774 4981 fronti
799 4920 892 4986 templi
915 4920 981 4973 leaeo
1005 4920 1134 4989 inscripta
1158 4937 1219 4971 sca-
1271 4919 1314 4969 vel
1336 4927 1495 4973 oneratur
1516 4920 1618 4984 eluoie,
1651 4925 1683 4972 ut
1703 4936 1756 4973 vox
1779 4921 1833 4971 levi

655 4988 806 5054 tentiaest]
828 4988 869 5039 CI.
888 4987 949 5040 Sat.
969 4988 992 5052 l,
1012 4994 1038 5053 6,
1057 4993 1080 5039 6.
1103 4988 1220 5040 etPeu-
1271 4985 1387 5038 minimo
1423 4987 1462 5040 sit
1494 4988 1685 5040 sollicitanda.
1736 4987 1833 5053 Magis

655 5070 715 5104 sen.
741 5053 780 5116 X,
806 5058 854 5117 24,
882 5059 906 5106 l.
949 5055 1077 5123 Xenoph.
1100 5057 1219 5108 Memor.
1270 5053 1390 5106 offendit
1417 5057 1585 5121 metaphora
1611 5056 1638 5107 in
1667 5054 1763 5107 verbis
1782 5058 1833 5118 sc-

655 5119 700 5183 lv,
718 5125 745 5184 2,
761 5124 803 5173 24.
841 5123 914 5175 Plut.
932 5124 1022 5174 Alcih.
1036 5124 1059 5186 I,
1079 5140 1105 5189 p.
1124 5126 1173 5175 124
1191 5129 1218 5175 et
1269 5123 1332 5174 mite
1349 5124 1375 5173 ri
1396 5132 1473 5187 atur,
1495 5128 1526 5174 ut
1541 5123 1642 5175 mirum
1658 5139 1712 5174 non
1732 5121 1770 5172 sit
1781 5125 1832 5188 fo-

655 5191 713 5239 leo.
750 5188 893 5243 Chnrmid.
917 5208 944 5259 p.
967 5194 1024 5242 lot.
1059 5191 1172 5244 Phileh.
1190 5209 1217 5259 p.
1267 5190 1331 5242 mite
1358 5140 1395 5241 ah
1422 5190 1545 5242 hunoldo
1572 5190 1664 5241 vesal.
1691 5195 1831 5241 mentatum

652 5258 688 5305 48
706 5255 805 5322 Steph.
1268 5273 1331 5309 csse
1348 5258 1376 5309 in
1389 5262 1477 5322 sorite.
1512 5257 1566 5310 Sed
1582 5257 1607 5308 sl
1622 5256 1830 5323 comparaveris

687 5326 713 5373 3.
749 5325 841 5375 anima
867 5325 978 5378 uirtutes
1082 5324 1215 5391 induitur]
1268 5340 1302 5377 ea
1320 5340 1391 5391 quae
1409 5342 1424 5377 a
1441 5324 1537 5392 poetis
1555 5330 1696 5390 exessum
1706 5322 1843 5387 tegimus
