5092 6425
654 850 713 918 DE
730 849 836 915 DlFF.
849 847 904 914 ET
923 845 1012 915 SOC.
1027 842 1183 914 GRAECI
1202 840 1333 923 Laud.
1352 844 1486 912 VERBI.
1529 847 1614 912 XIII.
1634 846 1719 914 xlv.
1760 848 1822 915 251

676 1017 789 1085 ationis
814 1016 931 1083 laeiunt
955 1017 994 1080 Π
1008 1012 1065 1079 καλ
1089 1015 1121 1078 Τ
1143 1033 1222 1112 quae
1249 1013 1282 1078 in
1309 1013 1478 1100 praesentis
1497 1014 1604 1164 prima
1628 1035 1760 1100 persona
1789 1019 1825 1081 Ω

655 1040 779 1169 literam
801 1102 1003 1169 antecedunt:
1038 1120 1118 1186 quae
1140 1120 1226 1184 signa
1245 1099 1356 1163 desunt
1378 1107 1410 1164 et
1428 1099 1459 1165 in
1476 1122 1495 1164 r
1511 1122 1600 1185 τνφα
1617 1109 1649 1166 et
1669 1101 1701 1166 iu
1724 1099 1826 1180 έτνψα

654 1197 688 1254 et
710 1190 742 1253 in
762 1184 865 1265 τήνω.
910 1182 1005 1269 Λέγω
1027 1193 1155 1270 propter
1172 1188 1204 1248 Γ
1216 1183 1369 1250 secundae
1386 1192 1442 1261 est,
1464 1186 1547 1271 quod
1568 1186 1688 1270 signum
1711 1186 1825 1254 habere

654 1274 769 1340 desinit
797 1274 829 1337 in
856 1268 967 1354 λέλεχα
999 1266 1090 1349 ἔλεξα
1118 1264 1216 1347 λε’ξωε
1256 1269 1301 1334 εἰσ
1328 1269 1359 1334 iu
1388 1270 1516 1356 reliquis
1548 1272 1824 1356 coniugationibus.

654 1361 807 1424 Praesens
834 1365 956 1442 tempus
984 1355 1120 1422 ostendit
1154 1361 1186 1419 et
1219 1375 1331 1440 genera
1356 1355 1539 1421 sorborum.
1579 1356 1657 1423 Nam
1691 1359 1823 1425 activum
1836 1364 1875 1431 13

653 1452 709 1510 aut
731 1451 874 1509 neutrum
899 1441 1035 1508 Graeous
1057 1439 1221 1524 intellegit,
1243 1439 1322 1505 siin
1345 1440 1380 1536 Ω
1403 1439 1548 1525 praesens
1567 1439 1699 1506 desinat:
1734 1461 1862 1529 pas-[eor

653 1530 754 1595 sivum
777 1528 823 1594 rel
848 1547 1012 1592 commune
1035 1524 1136 1591 ethis
1158 1524 1285 1603 similia,
1317 1524 1343 1589 si
1365 1545 1397 1588 ru
1419 1527 1521 1589 MAI.
1568 1525 1750 1593 Declinandi
1772 1466 1877 1598 au-ld

652 1622 717 1679 tem
739 1613 825 1681 verbi
847 1612 943 1678 series
965 1632 1028 1676 non
1052 1610 1111 1675 nisi
1131 1630 1201 1674 oum
1224 1609 1262 1674 de
1283 1608 1382 1674 modis
1404 1616 1551 1676 tractatur
1572 1620 1714 1696 apparet,
1755 1614 1826 1680 hine

652 1699 766 1765 modus
788 1697 871 1784 apud
892 1695 1026 1762 Graecos
1048 1691 1189 1778 ἔγκλισις
1210 1704 1422 1780 nuncupatur,
1450 1694 1480 1759 id
1502 1703 1550 1761 est
1570 1694 1606 1760 έν
1625 1683 1653 1783 ᾦ
1671 1691 1692 1782 ή
1712 1699 1825 1776 κλίσις.

943 1782 1026 1846 XIV.
1069 1779 1118 1846 De
1141 1778 1345 1844 declinatione
1372 1778 1536 1851 indicativi.

741 1866 845 1932 Omne
864 1865 946 1951 apud
967 1864 1101 1931 Graecos
1119 1864 1247 1930 verbum
1269 1864 1469 1930 indicativum
1490 1865 1522 1930 in
1543 1867 1578 1928 Ω
1597 1864 1751 1945 desinens,
1770 1889 1826 1933 seu
1859 1873 1874 1935 l

654 1952 827 2036 barytonon
850 1971 905 2017 seu
923 1950 1172 2037 perispomenum
1196 1951 1250 2026 sit,
1276 1971 1332 2015 seu
1354 1950 1525 2034 praesentis
1547 1971 1601 2014 seu
1623 1950 1735 2029 luturi,
1760 1974 1827 2018 om·

655 2035 783 2101 nimodo
809 2037 841 2100 in
869 2034 1019 2101 secundae
1046 2053 1196 2123 personae
1223 2033 1284 2098 fine
1313 2033 1539 2119 diphthongum
1565 2034 1677 2100 habeat
1703 2053 1827 2103 neeesse

655 2128 713 2198 est,
734 2121 763 2186 id
785 2129 832 2186 est
853 2121 932 2185 ἰῶτα
952 2120 1000 2186 rel
1021 2141 1091 2187 cum
1113 2122 1154 2197 E,
1178 2127 1214 2183 ut
1233 2123 1347 2196 ποιεῖς,
1369 2118 1415 2183 vol
1438 2138 1507 2184 oum
1531 2122 1572 2198 A,
1594 2127 1630 2184 ut
1647 2121 1750 2207 τιμᾷς,
1777 2123 1826 2187 vel

655 2227 727 2272 eum
754 2207 797 2285 0,
827 2214 864 2270 ut
884 2205 904 2270 d
926 2208 1013 2281 λοῖς.·
1055 2202 1194 2270 inomni
1217 2201 1539 2269 autemluturooum
1562 2208 1609 2281 Ε,
1646 2212 1682 2269 ut
1700 2202 1828 2290 νοήσεις

655 2288 785 2374 βοήσας
809 2305 987 2373 χρυσωσεις
1014 2285 1116 2368 λέξεις
1141 2284 1262 2364 τύψας.
1305 2289 1384 2353 Item
1413 2287 1446 2353 in
1473 2289 1559 2354 omni
1587 2288 1706 2354 Graeeo
1734 2292 1828 2357 verbo
1857 2299 1879 2362 Τ

655 2377 744 2441 ouius
765 2376 864 2460 prima
886 2375 999 2461 positio
1022 2375 1054 2439 in
1078 2376 1113 2437 Ω
1137 2371 1249 2438 desinit
1271 2371 1404 2438 seounda
1432 2393 1563 2459 persona
1589 2374 1702 2439 amisso
1730 2380 1829 2459 σῖγμα

656 2461 778 2526 tertiam
807 2460 886 2526 lacit.
931 2460 1034 2526 Omne
1060 2458 1189 2526 verbum
1218 2457 1249 2522 in
1275 2460 1310 2521 Ω
1333 2456 1477 2523 desinens
1505 2459 1728 2544 cuiuscumque
1756 2481 1829 2526 oon·
1858 2467 1879 2551 3

656 2545 822 2631 iugationis
853 2553 884 2610 et
912 2544 1061 2630 temporis
1090 2543 1299 2625 ῖσοσνλλαβεῖ
1323 2542 1354 2606 in
1380 2542 1479 2628 prima
1513 2544 1648 2609 secunda
1681 2552 1713 2609 et
1738 2548 1829 2612 tertia

656 2651 802 2717 persona,
839 2631 923 2694 ποιῶ
944 2635 1047 2706 ποιεῖς
1073 2632 1175 2708 ποιεῖ,
1214 2624 1378 2710 ἐῶέρᾶς
1401 2625 1478 2715 ἐρᾷ,
1517 2625 1651 2715 ἅργυρῶ
1671 2625 1830 2716 ἀργυροῖς

656 2712 813 2801 ἀργυροῖ,
846 2711 930 2799 λέγω
951 2711 1054 2798 λέγεις
1074 2711 1176 2796 λέγει,
1211 2651 1295 2791 λέξω
1317 2691 1418 2790 λέξεις
1440 2709 1541 2793 λέξει,
1572 2712 1681 2800 νοήσω
1701 2712 1830 2802 νοήσεις

657 2797 776 2883 νοήσει.
820 2802 856 2866 ln
874 2801 976 2867 serbis
998 2799 1030 2865 in
1052 2803 1087 2864 Ω
1108 2798 1321 2865 desinentibus
1338 2798 1437 2884 prima
1461 2798 1586 2885 pluralis
1607 2822 1624 2866 a
1646 2801 1743 2888 primo
1767 2803 1829 2867 sin·
1859 2808 1880 2872 4

659 2886 757 2970 gulari
780 2885 829 2961 lit,
871 2906 1001 2971 operose
1025 2893 1130 2950 mmen
1156 2905 1191 2948 ao
1217 2883 1309 2951 varie.
1350 2885 1390 2947 ln
1411 2886 1565 2969 praesenti
1586 2886 1668 2952 enim
1690 2894 1830 2973 tempore

659 2971 773 3032 ΜΕΝ
789 2969 903 3053 syllaba
926 2990 1047 3053 semper
1068 2969 1226 3046 adiicitur,
1253 2967 1306 3033 sed
1332 2967 1424 3032 modo
1446 2969 1522 3034 nibil
1546 2969 1670 3035 additur
1691 2972 1738 3037 vel
1760 2993 1830 3059 per·

660 3060 811 3130 mutatur,
829 3060 865 3118 ut
884 3053 916 3117 in
934 3052 1066 3118 secunda
1089 3047 1361 3136 περισπωμένων,
1381 3052 1448 3133 βοῶ
1469 3054 1611 3137 βοῶμεν,
1630 3057 1713 3137 τιμῶ
1733 3059 1830 3139 τιμῶ-

660 3160 729 3222 μεν,
752 3135 844 3202 modo
868 3139 903 3200 Ω
924 3136 955 3201 in
978 3138 1040 3201 ΟΤ
1055 3134 1282 3237 diphthongum
1304 3142 1469 3216 mutantes,
1490 3145 1526 3203 ut
1546 3138 1698 3239 inprime
1721 3148 1753 3204 et
1769 3148 1830 3205 ter-

659 3224 702 3289 tia
723 3219 994 3307 περισπωμένων,
1020 3244 1088 3286 νοω
1107 3242 1263 3305 νοουμεν,
1291 3222 1424 3307 φανερῶ
1445 3243 1671 3307 φανερουμεν.·
1709 3223 1740 3288 in
1761 3226 1830 3290 reli-

683 3309 731 3387 uis
759 3314 880 3384 autem,
919 3308 950 3372 id
971 3313 1018 3372 est
1045 3306 1202 3393 berytonis
1225 3306 1369 3372 omnibus
1390 3307 1437 3373 vel
1462 3307 1554 3372 etiam
1576 3305 1832 3393 περισπωμένων

660 3330 790 3470 intutis,
816 3395 851 3456 Ω
873 3392 905 3457 in
932 3394 960 3455 0
981 3391 1217 3467 transferentes,
1241 3387 1327 3474 λέγω
1348 3388 1500 3476 λέγομεν,
1525 3388 1628 3477 τρέχω
1646 3391 1883 3486 τρέχομενχεοι]

659 3472 832 3563 θεραπεύω
853 3473 1094 3561 θεραπεύομεν,
1114 3470 1243 3559 λαλήσω
1266 3471 1462 3559 λαλήσομεν,
1486 3474 1572 3542 ἐάσω
1594 3473 1747 3561 ἐάσομεν,
1773 3476 1832 3565 olp-

660 3559 800 3649 γυρῶσω
821 3558 1064 3648 ἅργυρῶσομεν.
1108 3559 1249 3627 Secunda
1268 3561 1395 3647 pluralis
1416 3583 1434 3627 a
1455 3563 1544 3628 tertia
1567 3564 1713 3649 singulari
1734 3566 1832 3632 nasei·
1861 3569 1883 3635 5

661 3658 728 3714 tur:
757 3648 874 3734 primae
896 3647 1021 3734 quidem
1043 3654 1075 3712 et
1095 3645 1247 3712 secundae
1267 3646 1406 3731 syzygiae
1428 3645 1684 3733 περισπωμένων
1706 3650 1832 3718 instanti

667 3736 726 3798 ΤΕ
747 3732 909 3811 addentes,
937 3736 1025 3799 ποιεῖ
1041 3736 1177 3811 ποιεῖτε,
1203 3731 1266 3817 βοᾷ
1284 3732 1396 3815 βοᾶτε,
1425 3732 1457 3799 in
1480 3734 1571 3800 tertia
1593 3756 1667 3801 sero
1687 3736 1832 3804 ultimum

663 3818 742 3884 loire
764 3819 796 3884 in
822 3822 852 3882 Τ
870 3826 1025 3884 mutantes
1047 3825 1079 3884 et
1098 3816 1181 3883 idem
1209 3818 1269 3881 TE
1288 3815 1452 3897 addentes,
1472 3824 1592 3904 χρυσοῖ
1607 3823 1782 3907 χρυσοῶτεε
1802 3829 1834 3889 at

662 3904 694 3968 in
723 3904 867 3969 omnibus
891 3903 1050 3990 barytonis
1080 3910 1111 3970 et
1138 3902 1171 3967 in
1197 3901 1453 3987 περισπωμένων
1481 3906 1593 3972 futuris
1624 3907 1725 3989 ipsum
1754 3908 1834 3971 loire

661 3986 806 4053 ultimum
827 3987 1023 4054 detrahentes
1051 3995 1083 4053 et
1108 3985 1236 4051 eandem
1261 3987 1409 4068 addentes
1435 3990 1580 4074 syllabam
1609 3993 1682 4068 ΤΕ,
1717 3987 1834 4073 πέμπει

662 4066 809 4154 πέμπετε,
826 4067 930 4154 τρέχει
945 4069 1080 4156 τρέχετε,
1102 4066 1237 4134 delete
1256 4067 1417 4152 ἀθλεύετε,
1433 4070 1561 4156 ποιήσει
1581 4070 1737 4157 ποιήσετε,
1757 4071 1819 4160 ἀρο

663 4151 788 4239 τριάσει
809 4150 1033 4239 ἄροτριοὶσετε,
1060 4151 1193 4238 tepere
1215 4151 1376 4238 λδρῶσετε.
1420 4157 1704 4255 Τεηῖεῐηωυορυε
1729 4180 1834 4259 perso3
1863 4162 1885 4228 6

664 4240 919 4392 λῖὲλλ’“λέι“έ
938 4238 1112 4390 lltlltl
1123 4238 1328 4402 ÷J⁰ll5¹¹¹h
1345 4239 1691 4411 ltill‘lhlllll,
1713 4264 1835 4415 {alth

1579 4448 1664 4510 [edd.
1684 4449 1767 4516 pdzh.

665 4558 699 4571 -
719 4530 748 4580 ιἰι
762 4528 911 4598 proesentis
925 4529 1039 4597 primae
1062 4546 1175 4597 perrone
1199 4528 1277 4597 pss-b.
1430 4532 1472 4581 1³.
1507 4531 1682 4601 inpetrem
1703 4539 1773 4595 (om.
1794 4534 1835 4597 Ω)

667 4597 805 4728 mxlv,
825 4665 846 4713 1.
885 4595 1088 4716 ΤέΙΜξένΣξῖ
1107 4593 1358 4729 {ryffilfdhddp-
1379 4660 1544 4743 ΔΕΛΟΙΣ
1560 4664 1591 4717 Ρ.
1727 4669 1753 4719 4.
1787 4686 1836 4721 oa-

798 4728 1301 4849 ε·
1321 4732 1837 4863 traniensem-,1¹1-

665 4802 906 4919 ioanrurnr
920 4864 950 4916 r.
968 4892 1003 4903 -
1025 4863 1264 4917 noreesrrr
1283 4863 1315 4917 ε.
1332 4892 1366 4902 -
1383 4865 1732 4923 Αυεοεειιοατε.
1773 4840 1780 4855 ’

701 4971 741 5019 14.
779 4968 939 5021 Declinorrdr'
961 5003 986 5019 ..
1005 4956 1074 5039 ἐνῷ
1096 4960 1225 5035 ήκλλσις]
1310 4969 1337 5018 ³.
1375 4967 1457 5021 Omne
1481 4972 1587 5024 νενένιπ
1613 4974 1643 5025 ῖι
1668 4972 1837 5026 ildariam

667 5033 712 5085 cf.
731 5034 765 5086 de
781 5036 868 5088 verbo
883 5052 909 5087 a.
927 5039 951 5099 1,
966 5036 980 5102 §
997 5038 1040 5086 24.
1278 5034 1344 5101 olm]
1362 5033 1406 5087 cf.
1424 5036 1459 5089 de
1475 5038 1552 5091 verb.
1570 5057 1594 5091 e.
1611 5043 1637 5105 ²,
1655 5041 1668 5107 5
1686 5045 1722 5104 5.,
1746 5046 1774 5093 et
1790 5056 1837 5092 rn-

701 5101 774 5165 xw,
790 5106 815 5153 1.
854 5103 936 5155 Omne
951 5104 1025 5171 opud
1042 5103 1155 5155 Graecos
1169 5117 1228 5152 oer-
1279 5119 1331 5170 pro
1346 5119 1369 5153 e.
1387 5106 1413 5165 4,
1429 5104 1442 5170 ἕ
1458 5107 1481 5155 l.

668 5170 728 5221 born
746 5168 1006 5237 indicamento]
1027 5170 1069 5222 lle
1082 5167 1231 5223 rerbohn·
1313 5172 1339 5221 4.
1373 5170 1514 5239 πυεαπλει]
1532 5172 1686 5225 Dieendnm
1705 5180 1766 5228 erat
1780 5191 1839 5227 παι·

669 5236 727 5288 tino
749 5235 855 5290 vidais
871 5238 948 5290 verb.
965 5252 1027 5305 esp.
1043 5242 1077 5302 ἱ,
1101 5238 1115 5304 5
1136 5241 1149 5288 l
1171 5253 1230 5303 sqq.
1281 5244 1372 5292 tetur
1389 5244 1417 5290 ot
1434 5239 1509 5293 inire
1525 5244 1713 5306 transfertur
1729 5248 1784 5295 ela.
