5092 6425
716 926 737 968 1.
1167 886 1499 958 promemus

719 1071 794 1137 „llic
810 1070 954 1121 loanuea
971 1063 1095 1116 Scotus
1114 1061 1206 1113 dictos
1222 1059 1354 1126 Erigon
1364 1075 1395 1120 a,
1412 1054 1571 1122 claruitque
1586 1069 1658 1107 suno
1676 1051 1790 1105 Domini
1807 1056 1868 1104 800.
1887 1054 1939 1106 sub

718 1157 821 1209 (lsrola
841 1150 903 1202 lilio
925 1146 1062 1201 badonici
1085 1146 1173 1199 iratre
1196 1143 1336 1196 botbarii.
1370 1141 1548 1195 Tritlsemius
1572 1140 1661 1192 aliurn
1683 1140 1846 1191 loannem
1863 1138 1939 1191 Sca·

718 1249 786 1295 ta·
803 1236 943 1298 nomisat,
958 1232 1007 1300 qai
1025 1231 1161 1284 claruerit
1177 1238 1242 1283 aute
1259 1246 1324 1281 euru
1343 1229 1395 1280 sub
1415 1226 1517 1278 ceroto
1534 1225 1638 1293 lllagne
1656 1241 1728 1277 auno
1747 1223 1863 1276 circiter
1880 1227 1939 1276 800.

717 1325 839 1390 Fuitque
865 1327 894 1373 et
916 1324 979 1386 post
998 1323 1148 1383 utrumque
1170 1316 1321 1367 Ioasuea
1344 1313 1436 1363 Dans
1460 1310 1587 1363 Scelus
1611 1326 1683 1361 auno
1701 1308 1770 1360 Glrr.
1791 1310 1868 1359 ltoe.
1888 1308 1940 1360 sub

717 1410 833 1463 Alberta
859 1405 1039 1471 imperstcre.
1073 1402 1109 1455 At
1134 1400 1256 1467 Erigena
1283 1399 1337 1451 iste
1364 1396 1490 1448 Graecae
1518 1394 1633 1462 linguae
1660 1394 1852 1462 peritissinus
1876 1393 1940 1457 fuit,

718 1493 868 1559 vertitque,
886 1495 917 1543 ot
931 1488 1048 1551 dictum,
1067 1503 1083 1538 e
1100 1487 1210 1538 Graeco
1225 1481 1391 1551 Dionysium
1408 1479 1624 1547 'Areopagitsm
1647 1486 1719 1532 teste
1737 1480 1839 1547 etiam,
1858 1496 1940 1546 quem

718 1578 854 1641 diximus,
882 1571 1074 1626 Tritlaemio.“
1108 1569 1256 1623 Fabricius
1275 1567 1304 1618 in
1320 1566 1396 1619 Bibl.
1417 1564 1478 1617 Lar.
1497 1571 1561 1616 tom.
1580 1565 1630 1618 111.
1649 1583 1675 1632 p.
1694 1569 1752 1617 lat.
1772 1567 1829 1633 (ed.
1848 1566 1940 1632 Ern.)=

719 1664 774 1729 „u
790 1661 965 1728 Stepbsnus,
984 1656 1088 1724 inquit,
1106 1654 1136 1708 iu
1152 1655 1268 1724 praelat.
1287 1653 1394 1720 primus
1412 1667 1490 1719 spem
1509 1651 1579 1703 lecit
1596 1651 1732 1719 vulgaadi
1748 1668 1763 1703 e
1780 1651 1879 1704 codice
1893 1651 1941 1702 Pi·

719 1751 840 1802 tboeauo
863 1744 932 1796 libri
954 1741 1094 1795 blacrobii
1117 1742 1150 1793 de
1169 1741 1327 1808 differentiis
1349 1747 1375 1792 et
1398 1738 1564 1791 societatibus
1585 1736 1724 1789 (irasciet
1745 1737 1838 1790 bmtnt
1860 1736 1941 1798 umbi,

719 1833 780 1887 sive
802 1834 997 1896 excerptorum
1021 1844 1037 1879 e
1062 1827 1136 1880 libre
1156 1823 1337 1877 blacrobiauo
1363 1824 1449 1876 buius
1477 1821 1638 1889 argumenti
1667 1828 1782 1874 suctore
1808 1821 1941 1873 lessus

717 1919 853 1985 quodam,
883 1916 972 1976 lorte,
997 1918 1028 1966 nt
1046 1911 1262 1979 auspicabantur
1278 1910 1311 1961 Ρ.
1329 1909 1465 1962 Pithoeus
1485 1913 1514 1959 et
1532 1905 1588 1958 lac.
1605 1905 1738 1978 Uenerius
1756 1907 1784 1959 ia
1803 1905 1941 1974 Epistolis

718 2000 895 2064 lliberuieis,
916 1999 1071 2067 dirigens
1089 1998 1149 2051 sive
1168 1996 1289 2048 Scuto:
1305 2012 1368 2047 uam
1387 1995 1460 2046 idem
1478 1999 1522 2045 est
1540 1997 1688 2057 utrumque
1705 2009 1874 2061 cognomear
1893 1990 1941 2059 qui

721 2086 895 2154 temporibus
913 2083 1009 2136 Caroli
1027 2082 1109 2135 Calvi
1127 2081 1226 2137 vixit“
1262 2081 1339 2133 ldem
1357 2080 1433 2132 llibl.
1453 2077 1564 2130 mediae
1584 2084 1612 2130 et
1633 2077 1746 2130 inliuaae
1765 2077 1940 2139 bstinitstis,

720 2180 787 2227 tom.
805 2171 850 2223 lv.
877 2188 903 2235 p.
921 2172 981 2220 400.
1000 2170 1100 2235 (buddo
1133 2168 1293 2233 „Excerpta
1313 2166 1346 2218 de
1363 2165 1515 2233 differentia
1533 2167 1587 2216 cet.
1622 2162 1742 2215 loanni
1768 2164 1941 2230 Erigonae

719 2256 817 2310 deberi
838 2252 997 2307 verisimile
1020 2259 1064 2306 est
1086 2252 1247 2305 coniectura
1271 2251 1303 2301 P.
1321 2249 1435 2301 Pithoni
1453 2254 1482 2301 et
1501 2246 1609 2299 Ueserii
1628 2248 1729 2314 quibus
1746 2248 1874 2317 congios
1896 2265 1941 2302 aa·

719 2342 869 2396 sentitur.“
903 2339 985 2391 Hanc
1011 2338 1179 2391 senteutiam
1206 2336 1310 2389 ascivit
1338 2335 1423 2387 etiam
1450 2333 1472 2384 1.
1495 2333 1547 2385 ch.
1564 2332 1595 2383 F.
1614 2333 1755 2386 llaelsrius
1778 2334 1896 2399 (Gesclr.
1915 2334 1940 2385 d.

719 2429 799 2479 Rdun.
814 2425 869 2477 bit.
884 2424 941 2476 vol.
958 2423 996 2475 11.
1011 2440 1039 2489 p.
1057 2428 1119 2476 001.
1137 2430 1166 2476 et
1181 2422 1273 2489 Pauly
1290 2418 1499 2486 Rral-Escyel.
1514 2435 1537 2469 s.
1556 2435 1581 2469 r.
1602 2419 1777 2485 Moerebias)=
1803 2425 1833 2470 at
1850 2419 1941 2471 iseer·

718 2511 828 2566 tissima
842 2514 886 2560 est
901 2508 952 2560 ills
969 2507 1140 2572 coniectura,
1158 2524 1243 2573 quoru
1260 2506 1392 2558 Ioannem
1410 2504 1503 2566 illum,
1522 2502 1568 2568 qni
1584 2504 1638 2567 „ad
1654 2503 1801 2557 dircardus
1816 2505 1941 2557 Graece-

719 2612 781 2647 rum
798 2593 949 2644 verborum
963 2593 1099 2660 ααςαΙαι(ι
1118 2590 1291 2658 excerpserit
1312 2591 1414 2642 librum
1430 2589 1656 2654 Macrobianum‚
1678 2590 1806 2642 Graecae
1823 2589 1941 2658 linguas

718 2676 923 2748 peritissimum
941 2676 1030 2730 luisse
1048 2677 1163 2731 minime
1179 2694 1294 2729 necesse
1312 2675 1359 2738 sit,
1376 2691 1465 2742 neque
1480 2676 1568 2726 ullum
1586 2674 1665 2726 aliud
1676 2680 1773 2727 exstet
1790 2690 1941 2742 argumen-

718 2773 777 2817 tuns
791 2778 847 2828 quo
863 2763 996 2828 probetur
1013 2780 1076 2816 esse
1092 2780 1156 2815 eoru
1172 2762 1305 2814 loannem
1320 2760 1483 2829 llrigeusnn
1510 2759 1588 2810 llaec
1605 2767 1736 2827 excerpts
1749 2760 1811 2813 sols
1826 2759 1942 2830 cognita

718 2853 812 2912 eraut,
842 2847 1016 2914 usquedum
1033 2847 1091 2901 slia
1109 2865 1126 2900 e
1146 2847 1255 2898 duobus
1275 2845 1421 2898 codicibus
1443 2843 1646 2909 Bobieusibus,
1676 2863 1749 2897 nunc
1769 2845 1942 2899 Vindobo-

719 2932 888 2986 ueusibus
911 2931 982 2986 XVI.
1004 2940 1033 2986 et
1054 2933 1151 2999 ml,
1173 2931 1202 2984 iu
1220 2931 1365 2985 Aualeetis
1387 2929 1582 2998 grammaticis
1604 2931 1642 2996 (s.
1664 2929 1941 2996 uacccxxxvlt.)

664 3072 666 3076 ,
718 3017 947 3071 edideruutlas.
968 3016 1234 3071 abblicbenleld
1255 3015 1648 3083 etStepb.lludlicber,
1679 3015 1941 3070 adbatinumns·

717 3103 764 3173 gis
782 3119 866 3170 qnam
883 3102 919 3155 sd
935 3102 1074 3156 Gesacum
1094 3103 1208 3155 verbnm
1226 3101 1400 3170 spectantia,
1417 3101 1487 3167 (sid.
1506 3098 1574 3168 Gap.
1592 3102 1634 3166 ll,
1651 3101 1693 3166 ll,
1712 3106 1740 3167 l,
1760 3102 1792 3168 b,
1811 3120 1841 3166 c,
1862 3102 1941 3168 d)=e

719 3187 821 3256 quibus
837 3204 910 3256 quae
926 3188 1070 3257 descripta
1086 3195 1153 3243 suut
1170 3204 1186 3241 a
1205 3188 1264 3241 ced.
1285 3186 1370 3253 xvll,
1389 3203 1442 3240 uon
1462 3186 1601 3239 Macrobii
1619 3202 1682 3240 esse
1698 3188 1807 3255 omnia,
1826 3189 1876 3242 sed
1891 3204 1941 3257 po-

718 3274 775 3327 tius
796 3291 830 3326 es
848 3274 934 3327 buius
951 3276 1024 3328 libro
1042 3279 1175 3343 excerpta
1191 3275 1328 3342 quaedam
1352 3290 1416 3324 cum
1433 3272 1500 3324 aliis
1518 3272 1633 3326 aliunde
1650 3272 1770 3342 sumptis
1791 3274 1942 3326 coniuncta

718 3376 782 3413 esse
799 3359 930 3413 videntur
946 3362 982 3413 ab
999 3366 1113 3414 auctare
1130 3359 1237 3413 incerto
1254 3359 1347 3411 libelli
1365 3358 1413 3425 qui
1433 3358 1599 3411 inscribitur
1620 3358 1656 3411 ad
1672 3357 1835 3411 Severum
1853 3376 1941 3427 quea·

718 3446 783 3499 dans
800 3444 890 3497 missi.

785 3529 817 3580 ln
835 3528 904 3581 sliia
919 3530 1002 3584 libris
1019 3529 1173 3596 veteribus,
1192 3519 1265 3597 quod
1283 3527 1382 3595 sciam,
1401 3544 1538 3595 nusquam
1557 3528 1604 3581 bie
1615 3528 1753 3581 Macrobii
1772 3529 1849 3581 liber
1864 3544 1941 3581 com·

719 3620 899 3665 memoratur.

786 3697 836 3748 111.
876 3698 1153 3752 Saturnals’ersas
1182 3698 1263 3750 lteri
1286 3696 1387 3765 primis
1411 3696 1516 3750 seculis
1539 3715 1593 3750 nos
1616 3716 1701 3766 saepe
1722 3698 1856 3751 sidentur
1876 3714 1940 3751 esse

716 3780 862 3847 descripti,
878 3798 940 3833 cusa
959 3797 1062 3850 magas
1078 3800 1175 3835 eorum
1193 3799 1259 3850 pars
1278 3781 1391 3834 omniuo
1408 3782 1448 3834 sit
1464 3782 1620 3850 deperdita,
1643 3791 1784 3836 eteorum
1806 3798 1879 3849 quae
1895 3798 1940 3834 re-

716 3863 795 3931 liqua
818 3870 884 3917 suut
910 3883 965 3918 nou
988 3867 1073 3920 multi
1095 3873 1206 3920 exstent
1227 3866 1338 3918 codices
1362 3882 1445 3919 manu
1466 3868 1581 3935 scripti,
1612 3870 1689 3937 iique
1707 3884 1805 3921 omues
1827 3885 1862 3920 ex
1885 3883 1938 3920 una

715 3951 792 4002 tonte
811 3949 957 4003 videantur
973 3950 1105 4015 fluxisse3
1132 3951 1206 4019 quud
1230 3951 1342 4017 quidem
1366 3970 1448 4005 nemo
1471 3954 1590 4006 miretur
1608 3955 1657 4022 qui
1681 3953 1852 4022 cogitaverit
1868 3954 1952 4006 talis

716 4036 811 4089 stndis
830 4037 938 4089 nullum
961 4036 1023 4089 lere
1043 4034 1178 4090 babuisse
1196 4036 1248 4088 ills
1268 4041 1360 4088 aetate
1374 4038 1507 4105 pretinm.
1542 4039 1620 4092 lnter
1643 4039 1744 4103 medii,
1769 4038 1843 4105 qnod
1867 4038 1939 4091 diei·

716 4139 792 4189 mus,
820 4122 884 4174 aevi
907 4120 1061 4190 scriptores
1086 4139 1171 4189 unus,
1199 4122 1347 4174 loannes
1374 4122 1680 4188 saresberiensis,
1709 4124 1939 4175 Saturnaliorun

714 4208 846 4262 lectionis
867 4211 945 4261 certa
966 4208 1043 4261 dedit
1063 4209 1238 4261 documenta.
1273 4206 1303 4258 ls
1322 4206 1396 4260 enim
1414 4207 1444 4260 iu
1462 4226 1547 4276 apua,
1568 4210 1640 4276 quod
1659 4208 1825 4261 inscribitur
1842 4206 1939 4260 Poli-

716 4294 874 4347 creticos
900 4293 961 4346 sive
988 4293 1023 4345 de
1052 4294 1136 4362 nugis
1161 4291 1312 4345 curialium
1338 4297 1368 4343 et
1395 4294 1527 4363 vestigiis
1553 4293 1803 4361 pbilosophorum,
1829 4292 1939 4366 recepit

715 4377 805 4430 multa
828 4394 845 4429 e
867 4377 1066 4430 Saturnalibus
1086 4382 1219 4445 excerpta
1239 4376 1341 4442 iisdem
1365 4376 1468 4454 quibus
1498 4380 1571 4446 apud
1598 4378 1772 4430 blaerobinm
1802 4380 1937 4447 leguntur

713 4458 823 4512 serbis:
839 4460 912 4525 qued
930 4465 960 4512 ut
979 4460 1201 4516 dissimulaverit
1219 4467 1326 4515 tautum
1344 4462 1438 4526 abest,
1455 4469 1487 4515 nt
1504 4463 1552 4519 lib.
1571 4453 1646 4514 vul.
1667 4479 1727 4530 csp.
1749 4467 1791 4516 10.
1813 4462 1937 4530 scripse·

714 4540 753 4594 rit
771 4542 891 4595 haeccer
928 4546 1059 4614 (ἰοῦσαι,
1088 4558 1119 4604 at
1138 4549 1230 4622 mitius
1250 4564 1366 4618 agnosse
1387 4549 1536 4615 aoliseaas,
1565 4549 1708 4618 gentilium
1720 4549 1938 4617 pastoreptom

713 4628 874 4681 meinradi
894 4632 992 4698 regalo
1013 4634 1042 4685 iss
1064 4636 1182 4688 saediaas
1202 4636 1366 4703 protecter.
1403 4633 1438 4685 ΕΙ
1456 4634 1563 4701 paridem
1580 4633 1671 4702 plures
1694 4634 1722 4684 ia
1744 4634 1937 4701 anseperto·

714 4712 863 4777 officiorum
882 4725 1026 4785 praecepto
1049 4718 1190 4784 dederant,
1218 4720 1266 4773 sed
1287 4719 1325 4771 ud
1342 4734 1469 4786 prom
1483 4719 1565 4788 pasci
1582 4716 1728 4782 sufficiant.
1774 4718 1849 4770 later
1867 4716 1939 4770 slies

715 4795 987 4852 Sutarnals‘erum
1005 4802 1088 4855 liber
1104 4803 1208 4871 primm
1227 4803 1352 4865 eecsmit,
1370 4803 1450 4867 tolie,
1469 4804 1493 4855 si
1509 4802 1670 4871 inspiciatur
1688 4810 1771 4863 reete,
1788 4810 1815 4855 et
1833 4809 1935 4867 tostus,

712 4886 743 4933 st
765 4881 835 4933 nibil
857 4884 967 4936 aliosde
983 4893 1104 4952 oporteat
1126 4888 1252 4940 metauri.
1297 4889 1370 4940 Bata
1388 4904 1453 4957 ergo
1473 4888 1501 4939 s‘a
1517 4886 1654 4956 praesenti
1670 4886 1789 4954 capitolo
1806 4904 1861 4938 aas
1878 4892 1937 4939 tan

711 4966 834 5035 eesugis's
856 4986 935 5035 passa
952 4970 1076 5038 passibas
1094 4971 1255 5024 desecuimus
1280 4971 1405 5033 ianitori,
1426 4979 1452 5025 et
1473 4989 1505 5024 er
1529 4972 1667 5039 opalentia
1685 4971 1866 5039 promptosrii
1892 4970 1937 5024 sai

711 5048 823 5103 cellulae
840 5061 946 5107 nostroe
963 5056 1085 5125 supplere
1102 5056 1254 5126 angustius.
1290 5056 1427 5123 Sa'pas'dcar
1444 5058 1599 5126 conspicans
1621 5063 1660 5109 est
1680 5056 1710 5107 ia
1728 5056 1878 5119 sententiis,
1905 5057 1935 5109 ia

709 5134 795 5187 emble
806 5138 932 5205 floridae,
949 5147 974 5194 et
991 5149 1070 5195 tastu
1084 5157 1186 5195 mones
1202 5149 1341 5195 onomate
1356 5143 1526 5207 redasduaa,
1542 5148 1573 5194 at
1589 5141 1617 5192 in
1638 5140 1804 5193 institutione
1818 5140 1937 5193 meinis·

708 5223 734 5270 et
752 5219 948 5288 dispensatione
966 5226 1130 5281 Socratico·
1145 5226 1271 5280 eideatar
1292 5226 1455 5281 dulcedinem
1473 5226 1634 5296 propinare,
1659 5224 1708 5277 ubi
1726 5225 1873 5292 complura
1890 5225 1935 5277 ls-

693 5307 811 5365 811111111
824 5315 958 5379 excerpts
976 5327 993 5366 e
1013 5310 1242 5370 Saturnaliorsm
1258 5312 1335 5368 libro
1352 5310 1418 5379 vll,
1444 5311 1511 5366 iude
1528 5327 1623 5380 acap.
1639 5313 1666 5362 1.
1685 5310 1699 5377 l
1715 5314 1743 5361 8.
1777 5310 1933 5365 Praeterea
