5092 6425
624 848 684 913 DE
700 846 807 913 DIFF.
823 845 877 912 ET
893 843 982 914 SOC.
1004 841 1161 912 GRAECI
1171 839 1306 921 LAIQ.
1320 840 1456 909 VERBI.
1478 846 1576 912 XVII.
1593 848 1706 914 XVIII.
1736 848 1796 914 tet

571 1012 585 1077 ¹.
625 1016 778 1082 vocalium
801 1014 883 1082 salva
904 1015 944 1079 sit
969 1012 1055 1079 ratio.
1099 1011 1202 1076 Tertia
1224 1032 1299 1077 vero
1322 1033 1453 1099 persona
1472 1013 1511 1081 de
1533 1017 1666 1083 secunda
1687 1017 1722 1082 lit
1750 1026 1826 1088 red

571 1100 584 1143 Ι
624 1110 721 1166 tracta
749 1102 857 1166 ultima
881 1101 983 1176 litera,
1011 1092 1069 1162 ἐὰν
1089 1099 1185 1182 ποιῇς
1208 1092 1267 1161 ἐὰν
1288 1101 1385 1183 ποιῇι
1424 1109 1455 1165 et
1477 1104 1565 1186 quia,
1594 1112 1629 1167 ut
1651 1102 1795 1181 diximus,

571 1186 583 1229 ¹
623 1208 729 1252 amore
758 1185 967 1270 productionis
993 1185 1020 1246 0
1042 1183 1168 1267 pluralis
1191 1182 1347 1248 indicativi
1372 1185 1404 1248 in
1426 1188 1461 1248 Ω
1484 1195 1617 1263 mutant,
1660 1184 1795 1270 λέγομεν

571 1274 583 1335 l
624 1268 684 1336 ἐὰν
706 1268 864 1355 λέγωμεν,
902 1270 934 1332 in
962 1268 1094 1333 secunda
1123 1289 1249 1353 quoque
1278 1289 1408 1352 persona
1429 1274 1462 1334 E
1488 1272 1520 1336 in
1542 1275 1582 1336 H
1597 1272 1796 1350 transferunt,

571 1360 581 1403 Ι
623 1354 728 1440 λέγετε
753 1351 810 1419 ἐὰν
833 1353 960 1437 te'pqre:
986 1354 1075 1418 tertia
1100 1349 1159 1417 ἐὰν
1180 1351 1334 1436 λέγωσιν,
1357 1355 1429 1440 quia
1451 1378 1543 1421 omne
1564 1358 1691 1423 verbum
1714 1359 1796 1444 apud

571 1444 579 1490 ¹
624 1443 759 1508 Graecos
780 1441 862 1525 quod
891 1440 956 1504 exit
978 1439 1009 1502 in
1032 1441 1145 1502 ΜΕΝ
1159 1448 1259 1504 mutat
1285 1441 1398 1503 ΜΕΝ
1414 1439 1447 1504 in
1468 1444 1560 1505 EIN
1582 1450 1613 1507 et
1632 1464 1795 1528 personam

571 1532 578 1595 l
622 1529 745 1592 tertiam
768 1526 848 1590 lacit.
890 1527 1010 1589 Horum
1033 1523 1151 1608 passiva
1178 1524 1216 1588 de
1238 1525 1344 1590 activis
1368 1525 1409 1589 ita
1436 1524 1623 1606 formantur,
1654 1537 1705 1606 ut,
1734 1529 1824 1613 pri-5
1884 1520 1892 1535 ’

571 1620 575 1661 ¹
622 1634 691 1677 mae
712 1631 863 1697 personae
890 1610 1004 1675 activae
1026 1609 1051 1672 si
1075 1609 1167 1673 addas
1185 1612 1284 1673 MAI
1304 1609 1459 1696 syllabam,
1480 1613 1634 1696 passivum
1657 1614 1796 1679 eiusdem

571 1705 576 1765 l
621 1698 773 1801 temporis
793 1696 899 1770 facias,
932 1689 991 1757 ἐὰν
1011 1695 1095 1757 ποιῶ
1119 1688 1176 1758 ἐὰν
1197 1697 1354 1776 ποιῶμαι,
1388 1691 1458 1776 [ἐὰν
1479 1693 1643 1781 πεποιήκοι
1664 1693 1722 1761 ἐὰν
1743 1719 1796 1762 πι-

571 1794 573 1831 ῑ
622 1787 840 1865 ποιηκωμαι],
883 1775 940 1843 ἐὰν
961 1773 1165 1861 academicis}
1187 1777 1381 1862 ποιήσωμαι.
1424 1782 1502 1847 Item
1525 1782 1726 1848 activitatis
1749 1805 1797 1848 se·

571 1908 573 1917 ·
623 1869 724 1932 cunda
745 1864 857 1950 pessIvi
880 1873 942 1941 est,
982 1860 1039 1927 ἐὰν
1060 1866 1143 1928 ποιῶ
1167 1861 1224 1928 ἐὰν
1246 1868 1342 1950 ποιῇς
1362 1861 1421 1930 ἐὰν
1441 1869 1533 1953 ποιῇ,
1574 1863 1632 1932 ἐὰν
1653 1869 1796 1951 ποιῶμαι

571 1979 573 1992 ·
623 1949 683 2017 ἐὰν
702 1953 797 2036 accepi:
831 1950 905 2014 haec
926 1950 1031 2014 eadem
1052 1950 1142 2015 activi
1163 1950 1254 2015 tertia
1278 1951 1380 2016 addita
1403 1951 1461 2017 sibi
1491 1955 1575 2016 TAI
1591 1952 1705 2038 syllaba
1728 1974 1796 2039 pas-

622 2038 719 2103 sivan
742 2036 863 2101 tertiam
886 2035 971 2112 lacit,
1011 2030 1070 2098 ἐὰν
1088 2037 1166 2117 ποιῆ
1197 2030 1256 2099 ἐὰν
1277 2037 1416 2119 ποιῆται.
1461 2036 1570 2102 Graeci
1593 2038 1625 2102 in
1650 2037 1825 2103 caniano-6

622 2124 687 2189 tivo
714 2122 806 2186 modo
833 2131 972 2206 tempora
1001 2120 1071 2184 bina
1096 2121 1303 2204 coniungunt:
1346 2121 1505 2206 proprium
1527 2122 1708 2188 Latinorum
1739 2131 1796 2200 est,

621 2217 659 2274 ut
680 2208 770 2272 modo
794 2207 955 2271 indicativa
984 2226 1039 2290 pro
1066 2205 1268 2272 coniunctivis
1296 2206 1389 2271 modo
1415 2207 1609 2273 coniunctiva
1633 2227 1690 2292 pro
1717 2207 1796 2272 indi-

621 2293 729 2359 cativis
760 2300 884 2377 ponant.
933 2290 1042 2356 Cicero
1075 2290 1112 2355 de
1144 2291 1278 2374 Legibus
1314 2291 1422 2356 tertio:
1465 2292 1529 2368 Qui
1556 2295 1671 2378 poterit
1701 2296 1797 2358 socios

622 2380 712 2444 tucri.
754 2379 840 2442 Idem
865 2376 973 2442 Cicero
994 2376 1026 2440 in
1050 2376 1149 2460 primo
1171 2377 1209 2440 de
1229 2379 1275 2441 Re
1295 2377 1433 2463 publica:
1453 2377 1592 2444 Isbeeter
1610 2379 1679 2456 att,
1703 2378 1797 2457 Laeli,

622 2466 672 2529 uti
690 2485 756 2529 eum
775 2465 941 2540 desideras,
961 2486 975 2526 ι
994 2463 1094 2526 uidem
1113 2483 1292 2526 concessero.

997 2548 1078 2612 Vlll.
1120 2548 1169 2612 De
1191 2546 1329 2632 optativo
1351 2546 1453 2613 modo.
1775 2565 1848 2635 [aar]

706 2633 754 2698 De
785 2634 845 2698 hoc
878 2632 971 2698 modo
1002 2632 1142 2718 quaestio
1170 2632 1289 2698 Graeca
1303 2686 1305 2697 .
1319 2631 1500 2717 praecessit,
1539 2632 1564 2697 si
1595 2633 1822 2718 praeterituml

619 2727 745 2804 tempus
772 2719 869 2804 possit
898 2719 1075 2796 admittere,
1115 2740 1186 2783 aum
1212 2725 1283 2784 vota
1309 2737 1367 2802 pro
1392 2718 1484 2783 rebus
1507 2725 1561 2783 aut
1582 2719 1796 2804 praesentibus

621 2812 677 2869 aut
699 2802 810 2869 suturis
832 2805 951 2869 soleant
972 2804 1112 2881 actitari,
1134 2802 1243 2868 necin
1267 2803 1369 2888 specie
1392 2804 1511 2889 possint
1533 2811 1685 2869 transacta
1707 2825 1796 2869 revo-

622 2888 701 2961 cari,
740 2889 1037 2974 pronuntiatumque
1066 2896 1112 2954 est
1141 2888 1342 2973 praeteritum
1373 2909 1498 2974 quoque
1525 2896 1649 2973 tempus
1677 2890 1796 2974 optanti

620 2973 843 3049 necessarlum,
871 2973 956 3069 'quia
983 2993 1074 3056 saepe
1097 2973 1129 3036 in
1156 2972 1332 3056 longinquis
1364 2973 1439 3058 quid
1462 2973 1601 3037 evenerit
1624 2979 1796 3040 nescientes

622 3066 766 3142 optamus
791 3077 928 3121 evenisso
956 3056 1038 3142 quod
1065 3056 1152 3120 nobis
1175 3057 1360 3120 commodat.
1404 3055 1467 3134 Qui
1489 3056 1573 3121 enim
1596 3057 1826 3143 Olympiaca02

621 3143 742 3231 palmae
768 3141 954 3207 desiderium
980 3140 1101 3217 habuit,
1142 3139 1225 3205 domi
1253 3139 1391 3204 residens
1420 3140 1486 3226 ipse
1514 3148 1663 3206 certatum
1698 3163 1796 3227 equos

622 3250 696 3295 suos
718 3249 787 3293 cum
810 3228 969 3314 aurigante
995 3227 1059 3292 filio
1080 3225 1179 3307 misit,
1219 3232 1375 3292 transacto
1401 3226 1462 3291 iam
1483 3226 1533 3292 die
1556 3226 1610 3313 qui
1634 3230 1794 3293 certamini

1540 3380 1626 3441 [ΕΜ.
1646 3383 1728 3447 pdzb.

624 3470 650 3519 4.
685 3460 734 3517 ἐὰν
755 3464 859 3532 ποίης,
881 3459 930 3517 ἐὰν
950 3463 1019 3531 ποίη
1043 3464 1138 3516 EddP
1161 3470 1230 3525 (om.
1250 3480 1260 3514 s
1278 3463 1386 3515 subscr.
1410 3462 1495 3516 etism
1517 3463 1615 3524 iutra).
1769 3470 1787 3516 6

625 3537 658 3586 de
682 3535 785 3602 legibus
810 3532 897 3600 tertia]
923 3532 1015 3598 cupite
1036 3531 1191 3599 deperdito.
1219 3560 1254 3570 —
1287 3532 1311 3583 ‘n
1332 3534 1419 3599 priano
1442 3532 1474 3584 de
1495 3533 1535 3584 Ile
1549 3532 1588 3601 μ]
1610 3548 1671 3600 cap.
1690 3536 1730 3584 1³.
1754 3500 1797 3584 ed.

625 3602 703 3664 atat,
722 3602 769 3651 ubi
790 3601 895 3667 legitur
913 3610 943 3651 ut
961 3602 998 3651 de
1016 3618 1050 3652 eo
1070 3603 1222 3653 disseras.

695 3669 798 3735 ιιιιιι,
821 3673 846 3719 2.
881 3669 981 3721 missu
999 3668 1030 3721 Ρ.

624 3804 774 3856 ιιιιιιῐίιιιιιΙο
792 3802 916 3856 habebut
931 3802 997 3854 vim.
1033 3803 1112 3855 Haeo
1126 3806 1187 3853 lan-

625 3880 683 3922 tum
715 3872 835 3923 tiranum
867 3887 953 3923 cerusa
981 3870 1057 3923 dicte
1088 3878 1187 3938 putea-

625 3940 700 3990 tur.“
735 3938 777 3990 CI.
794 3958 818 3991 e.
838 3940 947 4005 te,§8.
968 3945 996 3991 et
1012 3958 1034 3991 c.
1060 3940 1186 4004 l9‚§lss.

658 4028 683 4073 5.
720 4017 780 4087 [ἐὰν
807 4023 912 4091 uocatum
942 4018 992 4074 ἐὰν
1019 4017 1184 4088 ποιήιιωμαι]

624 4090 703 4141 Ilaec
723 4090 802 4141 nucis
822 4089 934 4151 inclusi,
955 4088 1020 4154 qnia
1038 4104 1105 4140 vers
1122 4105 1187 4154 pcr-

624 4157 693 4209 iecti
718 4158 823 4222 passivi
849 4159 938 4208 torma
961 4156 1068 4225 legitor
1094 4172 1118 4206 c.
1146 4158 1186 4222 lb,

626 4228 640 4292 ᾗ
663 4230 695 4275 ts
714 4242 773 4290 sqq.

660 4304 708 4361 ἐὰν
731 4306 797 4374 ποιῆ
822 4301 870 4358 ἐὰν
898 4306 1022 4374 ποιῆται]
1050 4306 1186 4357 Consulto

625 4376 710 4428 omisi
741 4375 800 4426 iota
830 4375 1019 4441 subscriptum
1052 4375 1079 4426 in
1111 4372 1187 4441 ποιῇ,

626 4446 693 4512 quie
712 4460 728 4494 e
744 4442 882 4509 scriptore
900 4448 943 4495 est
961 4445 1129 4510 neglectam.

660 4533 686 4578 6.
725 4528 820 4579 Graeci
842 4564 865 4578 ..
887 4527 1062 4596 coniungant]
1084 4525 1127 4576 CI.
1152 4525 1186 4576 do

626 4598 795 4785 vgdffidporiqdd
811 4596 971 4715 ᾗΙιιῗιίαοιιαιι
989 4668 1026 4713 est
1051 4659 1114 4728 eto]
1143 4659 1186 4710 CI.

628 4750 737 4784 ιι.ο.
774 4768 781 4782 .

661 4815 761 4865 xvllt.
800 4815 840 4865 Dc
870 4814 989 4881 eptatico
1016 4813 1112 4878 mado]
1144 4810 1188 4862 CI.

628 4886 663 4937 de
681 4885 757 4935 verb.
776 4900 799 4933 c.
818 4885 843 4932 4.
880 4880 1018 4932 Priscian.
1041 4882 1059 4931 l.
1080 4897 1103 4930 c.

663 4954 686 5002 1.
722 4952 841 5018 quaestio
858 4951 962 5002 Graeca
977 4946 1129 5017 praecessit]
1146 4945 1190 4996 (li.

629 5021 648 5071 I.
666 5033 689 5069 c.
707 5018 721 5083 ἱ
741 5019 763 5069 I.
782 5019 925 5072 commanis
945 5017 1054 5069 Graecis
1073 5016 1191 5068 Latiale·

630 5101 680 5154 que
695 5087 815 5152 qam
831 5094 922 5140 scorta
940 5092 988 5138 est.

632 5221 645 5273 Ι
664 5153 690 5204 si
706 5188 732 5270 ,1.
749 5153 845 5240 ppspil]
869 5153 930 5206 Vid.
947 5156 1006 5206 aot·
1027 5148 1063 5205 srl
1083 5148 1190 5202 Corum.

647 5257 788 5354 ’adsitus‘l
799 5275 931 5340 'verbu
939 5285 1020 5354 qs'arl
1037 5284 1125 5340 codsa
1143 5299 1192 5337 ex·

1236 3800 1317 3853 bibet
1335 3806 1445 3855 mutare
1461 3802 1553 3866 uolui,
1576 3804 1646 3856 licet
1664 3804 1739 3857 alies
1756 3806 1799 3857 le·

1237 3879 1322 3937 gatar
1340 3887 1476 3937 nusquam
1496 3870 1552 3923 nisi
1575 3873 1602 3923 in
1627 3874 1799 3939 exemplari-

1237 3939 1289 3988 bus
1307 3939 1474 4003 quibusdem
1492 3940 1566 4006 apud
1586 3939 1747 3991 Lucretium
1766 3941 1798 4003 V,

1236 4008 1311 4068 945„
1339 4005 1386 4056 nbi
1406 4008 1503 4057 accitat
1521 4005 1625 4057 dicitnr
1642 4024 1705 4058 esse
1722 4006 1796 4057 idem

1237 4072 1310 4137 qnod
1332 4072 1436 4125 incitat.
1471 4072 1526 4124 Sed
1546 4072 1610 4124 virle
1634 4090 1668 4125 ae
1687 4074 1798 4125 Macro-

1237 4139 1301 4190 bius
1318 4138 1466 4204 scripserit
1482 4140 1603 4209 agitari.

1269 4207 1442 4274 praeteritura
1477 4224 1562 4274 capue
1576 4215 1676 4275 tempus
1694 4208 1799 4275 aptanti

1236 4273 1424 4339 necessarium]
1449 4224 1491 4324 dl.
1507 4276 1541 4325 de
1560 4277 1636 4326 verb.
1657 4276 1675 4325 l.
1694 4275 1750 4340 αξ
1772 4279 1797 4326 l.

1237 4341 1374 4392 Priscian.
1395 4341 1444 4392 lib.
1459 4342 1533 4404 Vlll,
1547 4358 1609 4410 cup.
1628 4343 1663 4393 de
1680 4349 1797 4409 tempor.

1238 4410 1315 4459 verb.
1331 4417 1359 4459 et
1372 4408 1421 4459 lib.
1441 4408 1540 4473 xviri,
1557 4427 1619 4475 cap.
1633 4411 1668 4461 de
1681 4410 1798 4477 optetis.

1237 4477 1798 4625 ...ltt‘tttzattttlttdedit!

1238 4629 1292 4678 que
1309 4617 1353 4663 est
1371 4613 1581 4665 intransitivum
1600 4615 1731 4681 idemque
1748 4630 1798 4665 ve-

1238 4681 1278 4731 let
1294 4679 1366 4745 quod
1384 4682 1546 4732 commodum
1559 4683 1601 4733 sit.
1637 4681 1678 4733 CI.
1691 4681 1797 4733 Coram.

1238 4747 1266 4809 I,
1296 4751 1340 4828 Ill,
1363 4751 1407 4797 25.
1428 4756 1507 4814 atque
1525 4750 1586 4801 ideo
1605 4751 1677 4803 vitae
1692 4758 1799 4802 nostrae

1238 4818 1584 4947 ωἷῖ”ὅῖι”ἶῗ’ἶὲιῗιῗι”..
1605 4884 1688 4949 maara]
1714 4882 1797 4933 anua

1240 4950 1412 5016 probandum
1429 4957 1472 5003 est
1486 4952 1539 5002 lrac
1555 4953 1720 5019 asyndeton.
1750 4950 1801 5000 Ili-

1240 5017 1357 5069 csndum
1381 5024 1442 5070 crat
1465 5023 1514 5072 aut
1536 5026 1560 5072 et
1577 5055 1601 5071 ..
1619 5020 1690 5071 misit
1713 5023 1762 5068 snt
1776 5018 1800 5068 si

1241 5124 1266 5137 ..
1284 5086 1364 5137 arisit.

1275 5151 1332 5204 dice
1348 5151 1394 5219 qui
1411 5152 1550 5204 certamini
1567 5158 1652 5202 status
1673 5149 1721 5216 cst]
1740 5149 1801 5200 tta-

1239 5219 1470 5280 lueris·stctrrtua‚
1490 5220 1538 5270 ssd
1558 5219 1594 5269 ci.
1614 5217 1708 5268 Tacit.
1726 5218 1806 5269 IIist.

1240 5287 1287 5355 w,
1301 5292 1343 5339 et.
1363 5294 1474 5340 etatae
1492 5287 1605 5339 aedicio
1619 5287 1736 5349 patmos
1748 5285 1821 5329 dics.
