5092 6425
684 906 747 975 tuo
1163 896 1369 966 Maenoun

681 1102 758 1171 quae
776 1088 846 1141 urat
865 1073 1018 1138 inmobilia
1041 1093 1109 1146 esre,
1133 1081 1187 1134 aut
1207 1071 1308 1133 amara
1328 1071 1450 1144 moueri,
1472 1081 1525 1133 aut
1544 1070 1646 1157 aliqua
1664 1093 1705 1135 ee
1725 1071 1779 1136 lrie
1799 1092 1862 1138 mo-

680 1167 749 1233 ueri
768 1164 869 1251 aliqua
889 1182 950 1224 aare
971 1158 1093 1222 maceri.
1136 1156 1210 1220 ltem
1230 1157 1259 1219 si
1277 1155 1391 1230 damas,
1413 1155 1465 1232 ait,
1488 1166 1515 1219 et
1534 1169 1645 1220 motam
1666 1169 1694 1222 et
1714 1159 1863 1244 quietem:

680 1274 794 1318 messe
815 1259 856 1312 est
877 1258 929 1311 arrt
950 1246 1013 1308 alia
1038 1263 1152 1328 semper
1172 1243 1288 1306 moueri
1316 1241 1425 1305 etalio
1446 1263 1608 1328 nrrmqrram
1628 1246 1765 1321 moveri,
1808 1257 1862 1310 uret

681 1339 783 1404 omnia
805 1334 895 1397 simul
913 1353 994 1395 arrae
1013 1331 1160 1417 quiescere
1181 1348 1263 1392 uerae
1282 1329 1404 1391 mereri.
1457 1327 1504 1391 De
1531 1328 1593 1404 bie,
1629 1329 1749 1414 inquit,
1787 1331 1862 1417 quid

651 1422 778 1509 binaqis
797 1440 901 1485 cerum
923 1419 976 1492 eit,
1003 1416 1201 1502 requiramus.
1244 1413 1314 1478 Νονι
1336 1435 1396 1476 esse
1417 1414 1520 1476 omnia
1542 1415 1696 1478 inmobilia
1720 1427 1860 1502 aspectare

682 1512 746 1598 ipse
767 1506 930 1572 testimonio
953 1513 1006 1577 eet,
1027 1502 1099 1587 quera
1120 1511 1190 1563 aaut
1210 1520 1338 1597 quonam
1358 1510 1468 1564 motum
1488 1499 1640 1565 or'beraus:
1662 1521 1776 1566 mermes
1795 1524 1859 1568 aare

681 1595 797 1661 mareri
815 1591 915 1656 arania
936 1586 1135 1661 attrectaret,
1165 1605 1222 1670 quo
1243 1596 1356 1648 inmota
1376 1587 1587 1668 coquosaimas.
1634 1585 1697 1651 Sea
1717 1609 1774 1652 uec
1795 1610 1858 1653 om·

681 1684 736 1748 aia
757 1680 853 1743 ἄοινοι
871 1694 1031 1761 possumus
1053 1671 1139 1734 modo
1156 1681 1268 1733 motum
1284 1670 1355 1755 pati
1373 1670 1460 1734 mado
1484 1693 1543 1734 esse
1562 1672 1626 1735 sine
1645 1684 1745 1748 motu,
1781 1676 1856 1760 qaia

681 1777 752 1833 eant
777 1783 903 1850 quaerum
924 1769 1103 1844 perpetuum
1129 1767 1240 1819 mettun
1267 1756 1418 1831 ον’άινινι,
1455 1767 1489 1819 at
1516 1757 1552 1821 de
1578 1757 1749 1822 caelestibus
1771 1760 1855 1824 nulla

682 1851 826 1917 dubitatio
847 1857 903 1910 est:
943 1854 1033 1907 restat
1053 1845 1162 1927 iqr'tur,
1184 1841 1242 1918 ait,
1264 1852 1312 1916 at,
1333 1843 1410 1905 acret
1429 1843 1532 1928 aliqua
1553 1865 1668 1929 semper
1688 1857 1855 1922 moveatur,

651 1935 725 2002 bita
745 1936 784 1998 eit
804 1930 920 2018 aliquid
939 1951 998 1994 sem
1022 1950 1054 1993 er
1075 1928 1220 1991 inmobile.
1263 1927 1312 1990 Er
1335 1924 1382 1990 his
1407 1935 1442 1991 nt
1461 1927 1623 1992 collectum
1645 1929 1685 1993 sit
1711 1951 1782 1994 esse
1801 1931 1856 1995 ali·

682 2019 756 2110 quid
779 2016 935 2092 inmobile,
958 1952 1061 2079 nullus
1079 2013 1183 2078 obviat
1203 2011 1251 2077 rel
1272 2011 1392 2076 refellit.
1434 2013 1513 2078 Nam
1532 2022 1564 2078 et
1583 2034 1654 2078 vera
1675 2014 1789 2080 divisio
1809 2023 1856 2082 eet
1944 2044 1946 2059 =

682 2116 715 2174 et
747 2112 846 2171 sectae
874 2101 1050 2166 Platonicae
1082 2120 1144 2163 non
1178 2107 1345 2182 repugnat:
1384 2119 1485 2183 neque
1516 2098 1541 2163 si
1569 2099 1642 2185 quid
1674 2109 1722 2165 cst
1756 2101 1855 2167 inmo·

681 2192 758 2270 bile,
793 2189 934 2275 sequitur
964 2195 1000 2251 ut
1026 2185 1084 2250 hoc
1110 2185 1150 2249 sit
1177 2184 1294 2260 anima,
1331 2204 1386 2248 nec
1414 2185 1467 2269 qui
1496 2184 1569 2249 dicit
1595 2185 1729 2251 animam
1754 2208 1795 2253 ex
1823 2208 1856 2253 se

632 2277 821 2365 [lrrpmoveri
845 2276 904 2340 iam
928 2271 1044 2338 moveri
1067 2271 1211 2336 universa
1231 2270 1403 2344 confirmat,
1425 2269 1478 2334 seb
1501 2270 1626 2336 modum
1648 2271 1771 2348 astruit,
1793 2294 1855 2358 quo

681 2365 784 2431 anima
807 2368 963 2427 movetur:
1002 2357 1124 2443 siquid
1149 2376 1224 2423 vero
1250 2364 1298 2420 est
1325 2354 1407 2420 aliud
1434 2356 1596 2433 inmobile,
1634 2356 1710 2421 nihil
1733 2358 1774 2422 ad
1797 2358 1856 2424 hoc

652 2446 765 2538 'lquod
791 2449 829 2513 de
857 2446 959 2511 anima
986 2444 1135 2508 astruitur
1161 2441 1337 2527 pertinebit
1394 2440 1487 2518 Quod
1517 2451 1549 2506 et
1576 2443 1642 2527 ipse
1668 2443 1856 2510 Aristoteles

680 2536 802 2608 ridens,
826 2542 989 2618 postquam
1010 2528 1116 2592 docuit
1137 2547 1204 2591 esso
1226 2526 1341 2612 aliquid
1364 2526 1525 2604 inmobile,
1547 2526 1606 2592 hoc
1626 2549 1694 2593 esse
1716 2530 1855 2595 animam

680 2620 747 2688 rult
774 2616 900 2682 docere:
944 2622 976 2679 et
1003 2613 1111 2697 incipit
1136 2613 1278 2676 adserere
1304 2610 1379 2675 nihil
1405 2633 1473 2676 esse
1499 2614 1580 2698 quod
1602 2636 1647 2678 ex
1672 2635 1706 2679 se
1734 2617 1855 2681 moveri

681 2704 793 2792 possit,
816 2701 868 2766 sed
891 2699 994 2764 omnia
1040 2718 1096 2763 uae
1120 2705 1284 2762 moventur
1304 2697 1342 2761 ab
1364 2697 1425 2762 alio
1447 2699 1574 2763 moveri.
1617 2698 1758 2777 Quodsi
1782 2722 1855 2767 rere
1951 2762 1953 2773 ,

681 2789 855 2878 probasset,
893 2784 969 2848 nihil
997 2719 1036 2881 ab
1062 2782 1265 2880 patrocinium
1287 2782 1463 2847 Platonicae
1487 2794 1587 2849 sectae
1609 2785 1855 2871 relinqueretur:
1951 2848 1954 2853 .

680 2870 941 2963 quemadmodum
965 2890 1046 2933 emm
1068 2867 1149 2932 credi
1172 2876 1277 2952 posset
1297 2889 1334 2931 cx
1358 2888 1391 2932 se
1411 2870 1527 2934 moveri
1551 2870 1702 2947 animam,
1730 2871 1755 2935 si
1780 2893 1854 2938 eon·

680 2968 777 3029 staret
797 2957 872 3022 nihil
901 2976 968 3020 esse
999 2953 1083 3040 quod
1104 2975 1141 3018 ex
1167 2974 1200 3018 se
1222 2953 1320 3038 possit
1340 2954 1479 3018 moveri?
1522 2956 1558 3019 ln
1580 2954 1636 3019 hac
1657 2964 1762 3021 autem
1783 2959 1855 3023 Ari·

680 3045 819 3113 stotelica
853 3040 1118 3127 argumentatione
1154 3038 1332 3104 huiusmodi
1366 3039 1524 3105 divisionis
1556 3041 1633 3105 ordo
1665 3043 1854 3110 contexitur.

650 3130 985 3218 Buxentumque
1009 3137 1180 3203 monemur,
1202 3125 1317 3210 inquit,
1338 3125 1401 3189 alea
1416 3146 1476 3211 per
1494 3149 1525 3191 se
1543 3138 1707 3204 aeooeutur,
1730 3129 1796 3194 alia
1816 3153 1856 3196 ee

680 3220 833 3287 accidenti.
873 3217 914 3282 Et
934 3239 972 3282 ea
993 3215 1152 3289 accidenti,
1179 3211 1296 3298 inquit,
1322 3224 1477 3277 moveretm
1498 3236 1589 3299 qaae,
1609 3236 1677 3278 eum
1697 3215 1768 3301 epea
1790 3238 1856 3282 aaa

679 3318 868 3381 moveantur,
902 3304 935 3368 ire
958 3312 1109 3366 tatamen
1129 3310 1199 3364 sunt
1226 3298 1307 3385 qnod
1326 3310 1474 3373 manetur,
1509 3311 1542 3363 at
1570 3301 1604 3363 ia
1630 3300 1705 3364 navi
1727 3304 1856 3367 earcr'rta

679 3415 732 3460 seu
752 3402 850 3458 uector
870 3390 1038 3477 quiesceas:
1074 3385 1235 3451 autetiam
1255 3405 1323 3449 cum
1340 3405 1419 3470 pare
1440 3395 1573 3449 monetur
1592 3386 1756 3473 quiescente
1777 3389 1854 3454 iate·

744 3580 814 3630 Mae.
832 3574 1036 3635 uesperum]

678 3661 710 3715 F.
728 3691 761 3701 —
778 3662 871 3726 aliqua
886 3677 938 3710 aaa
954 3657 1052 3708 moveri
1066 3655 1129 3707 adel.
1148 3654 1176 3706 in
1196 3671 1252 3722 mg.
1271 3655 1322 3706 Ri.
1340 3683 1375 3695 -
1394 3657 1488 3723 aliqua
1503 3675 1556 3708 nan
1574 3658 1673 3708 monui
1751 3665 1777 3710 et
1794 3660 1854 3711 alie
1960 3641 1963 3700 ἶ

677 3745 820 3795 numquam
838 3728 936 3777 moveri
952 3742 1006 3775 om.
1026 3723 1057 3773 F.
1074 3750 1108 3761 -
1132 3730 1189 3775 aut
1204 3724 1262 3774 alia
1279 3739 1422 3790 numquam
1441 3723 1492 3776 Rl.
1508 3751 1542 3762 -
1564 3726 1642 3776 timul
1658 3728 1747 3777 amaia
1765 3725 1800 3777 F.
1818 3755 1850 3767 -

677 3814 741 3849 νιοιι
764 3801 838 3860 (sup.
860 3799 943 3853 auae)
968 3793 1097 3858 quiescere
1122 3798 1180 3841 aat
1201 3807 1264 3843 aaa
1287 3797 1362 3857 (sup.
1385 3796 1468 3851 unae)
1491 3794 1589 3844 moueri
1620 3793 1669 3843 Bi.
1826 3798 1852 3846 b.

675 3871 832 3984 perpetuam
850 3868 947 3941 motura
966 3877 1028 3909 noa
1046 3858 1166 3907 uidemus
1183 3856 1215 3907 Β.
1368 3863 1395 3910 6.
1430 3877 1485 3940 eme
1502 3861 1606 3927 aliquid
1623 3866 1691 3920 (orn.
1711 3861 1853 3923 inmobile)
1959 3921 1962 3926 1

678 3945 908 4052 Effineqaenpc
917 3924 1389 4059 'llblcitsslin‘qbstibiilnquitOffillblbwq-'l⁰
1398 3927 1640 4047 ip'qtiq'rpnpr'ffoggll
1658 3944 1717 4046 all
1731 3931 1853 4050 &aaliz

679 4069 755 4122 uliud
773 4074 849 4132 (sup.
867 4064 929 4116 aaa.
943 4068 995 4125 eet)
1014 4063 1064 4113 Rl.
1099 4078 1160 4112 uero
1176 4069 1213 4111 eet
1228 4062 1350 4127 aliquid
1365 4060 1396 4113 F.
1413 4090 1448 4102 -
1465 4064 1497 4114 ile
1511 4065 1602 4115 areima
1617 4071 1753 4116 movetur
1772 4070 1851 4129 (sup.

678 4138 820 4196 astruitur)
842 4135 892 4185 Bl-
1055 4134 1079 4181 7.
1116 4129 1205 4182 docuit
1220 4129 1395 4195 aliqairlesre
1418 4130 1540 4181 ille-bP.
1570 4158 1602 4169 -
1630 4132 1722 4183 docere
1739 4133 1797 4185 vult
1816 4133 1851 4185 0.

677 4207 734 4258 uult
751 4208 845 4258 dicere
862 4199 964 4253 utas’.
987 4227 1020 4238 -
1040 4216 1057 4250 a
1073 4216 1098 4252 se
1115 4198 1213 4249 aroaeri
1230 4196 1261 4247 F.
1286 4225 1318 4235 -·
1341 4199 1377 4249 ad
1394 4199 1545 4265 platonicae
1560 4200 1744 4265 patratiaiam
1762 4209 1851 4253 sectae

678 4274 730 4326 ΕΙ.
747 4300 782 4314 -
797 4272 896 4324 moueri
909 4268 993 4335 possit
1011 4267 1087 4322 RlG.
1121 4265 1220 4317 moueri
1235 4272 1331 4332 posset
1349 4271 1425 4330 [sup.
1444 4267 1467 4326 i)
1486 4266 1519 4315 R.
1553 4275 1652 4333 posset
1674 4270 1774 4318 moveri
1790 4268 1850 4320 Fu.

677 4369 712 4382 -
733 4342 761 4392 ia
779 4342 830 4392 liae
851 4339 933 4389 caim
956 4335 987 4384 F.
1140 4337 1166 4383 8.
1201 4334 1245 4384 Ea
1265 4333 1317 4383 leis
1335 4334 1453 4384 omnibus
1477 4334 1547 4393 (aet.
1564 4334 1619 4394 leis)
1641 4335 1693 4384 lu.
1713 4364 1748 4372 —
1774 4344 1799 4388 ct
1818 4352 1850 4388 e:

678 4403 747 4469 (uer.
766 4414 804 4466 et)
828 4407 878 4457 ΙΙΙ.
899 4431 932 4440 -
954 4400 1095 4453 accidente
1111 4401 1216 4462 (altero
1235 4407 1341 4452 tuntum
1361 4401 1437 4459 luco)
1452 4401 1516 4453 cah.
1537 4430 1569 4439 -
1592 4402 1777 4469 quiescentem
1796 4404 1850 4456 Rl.

748 4571 776 4623 ld
798 4572 888 4640 magle
907 4586 997 4621 ueram
1019 4569 1063 4637 eit]
1091 4586 1130 4620 aa.
1152 4583 1234 4635 qnam
1285 4568 1397 4632 κινοῖτο,
1414 4583 1486 4633 quae
1503 4568 1643 4619 sententia
1662 4569 1755 4620 fusius
1772 4575 1850 4622 trac·

677 4654 708 4689 re
722 4638 796 4705 iqua.
1288 4640 1364 4686 tatur
1386 4651 1446 4702 cap.
1465 4640 1490 4686 b.

711 4709 737 4757 θ.
771 4714 855 4756 rectae
875 4704 1038 4770 Platonicae]
1063 4719 1125 4753 cam
1149 4702 1235 4754 verbo
1319 4706 1346 4751 8.
1383 4705 1440 4754 alia
1476 4720 1505 4755 er
1521 4720 1548 4754 ee
1565 4710 1715 4768 mouentur,
1737 4705 1796 4756 alia
1815 4721 1848 4757 er
1960 4707 1964 4762 ἰ

676 4781 811 4841 repugnat
847 4773 1023 4823 coniunctum
1064 4770 1235 4820 idoniare
1286 4770 1426 4837 accidente]
1472 4771 1492 4824 l.
1514 4771 1599 4837 Phys.
1627 4771 1705 4835 vm,
1741 4788 1804 4839 cap.
1831 4777 1849 4825 4
1962 4771 1965 4794 ¹

677 4846 730 4904 eet,
750 4840 822 4905 qnod
840 4840 939 4890 rationi
958 4839 1002 4888 vel
1020 4839 1156 4888 doctrinae
1171 4838 1235 4887 Pla·
1286 4838 1348 4889 iait.
1365 4845 1393 4889 et
1410 4840 1444 4889 da
1461 4854 1504 4890 aa.
1522 4838 1544 4903 1,
1562 4844 1579 4889 u
1596 4838 1656 4889 init.

676 4907 844 4967 laniantia
863 4905 1044 4970 sequentibus
1062 4904 1236 4970 Μονίμη·
1318 4908 1426 4957 earcirra
1444 4923 1489 4957 eea
1507 4913 1594 4957 vector
1612 4904 1756 4972 quiescens]
1781 4906 1847 4958 art·

675 4976 813 5026 trociniam
846 4974 999 5026 Platonicae
1025 4978 1122 5029 sectae,
1158 4977 1186 5021 et
1209 4972 1232 5034 1,
1284 4979 1350 5024 stat.
1375 4974 1409 5024 de
1433 4989 1476 5023 an.
1501 4973 1520 5023 Ι.
1542 4990 1566 5024 a.
1592 4965 1645 5023 boa
1668 4976 1784 5023 κινεῖται
1805 4975 1847 5025 eoi

680 5043 721 5108 lu,
738 5047 762 5097 5.
782 5044 855 5095 Haec
873 5047 981 5094 aectaet
996 5038 1148 5106 praeceptio
1167 5038 1233 5092 Pla·
1283 5037 1313 5092 br
1333 5034 1482 5122 mroapbrrp
1510 5035 1595 5105 ebrae,
1632 5035 1693 5091 olor
1717 5027 1848 5109 πλωτή-

676 5112 747 5164 toais
762 5120 809 5165 cet.
1283 5123 1352 5173 pec,
1386 5123 1420 5158 ον
1442 5124 1495 5172 γαρ
1517 5101 1618 5171 ὁμοίως
1639 5106 1781 5157 κινοῦνται
1803 5110 1845 5161 τῶ

709 5183 735 5231 t.
771 5180 860 5233 amnia
896 5180 1104 5227 ammoneatur
1126 5174 1232 5226 abalio
1282 5172 1376 5243 πλοίῳ.
1416 5171 1446 5223 Si
1475 5180 1619 5238 praeterae
1646 5163 1845 5241 comparamu'e

675 5248 783 5315 mouere]
799 5195 946 5312 cf.Plrya.
964 5241 1037 5304 illl,
1056 5243 1231 5303 cap-4extr.
1282 5253 1354 5307 qne
1378 5238 1447 5291 elicit
1466 5240 1539 5296 idem
1558 5242 1626 5293 ibid.
1649 5242 1690 5302 ll,
1720 5245 1844 5294 lentas

675 5303 788 5367 ἅπαντα
804 5309 839 5368 ἂν
857 5309 893 5367 cit
916 5304 1063 5376 κινούμενοι
1085 5304 1142 5363 riab
1158 5326 1233 5373 τινος
1282 5306 1309 5362 el
1327 5300 1416 5370 obrue
1436 5302 1583 5376 ἐντελέχεια
1603 5308 1654 5360 τοῦ
1677 5303 1805 5374 σώματος
1821 5305 1843 5377 ἡ
