5092 6425
696 867 729 912 vr
1137 841 1470 915 PROLEGOMENA.

691 1019 770 1071 tione
787 1017 864 1082 legis
882 1015 1026 1067 cniusdam
1046 1015 1075 1068 in
1094 1016 1157 1066 cod.
1174 1015 1273 1067 lustin.
1292 1016 1326 1068 ι.
1343 1015 1372 1081 1,
1385 1056 1389 1063 .
1402 1015 1443 1068 tlt.
1462 1014 1506 1067 1¹.
1512 1052 1521 1083 ‚
1553 1029 1625 1080 quae
1644 1017 1691 1067 lex
1714 1015 1781 1079 data
1800 1015 1847 1066 est
1865 1010 1923 1086 lia-

692 1115 801 1153 vennae
819 1115 846 1152 a.
867 1100 1037 1151 cccxcix.
1072 1101 1180 1162 Quodsi
1196 1101 1285 1166 igitur
1302 1102 1356 1152 boc
1373 1114 1447 1153 anno
1465 1101 1628 1166 dignitatern
1647 1099 1767 1151 obtinuit
1783 1100 1924 1163 praetecti

690 1186 854 1251 praetorio,
888 1186 978 1248 ipsius
996 1186 1102 1237 natalis
1120 1186 1246 1237 incidere
1265 1185 1361 1237 debuit
1380 1185 1407 1236 ln
1425 1183 1508 1236 linem
1526 1187 1618 1237 secull
1635 1187 1674 1236 lv
1695 1198 1751 1237 non
1764 1186 1855 1235 raldo
1872 1198 1923 1235 ex-

694 1271 783 1324 tremi.
819 1272 854 1321 llt
881 1271 953 1321 banc
984 1272 1018 1320 ob
1049 1283 1107 1321 rem
1135 1269 1273 1321 Macrobii
1301 1275 1383 1320 aetas
1413 1284 1432 1321 a
1459 1271 1547 1321 saxio
1567 1269 1613 1334 ²⁶)
1641 1272 1733 1320 relata
1761 1275 1807 1320 est
1830 1271 1872 1330 ad
1895 1283 1924 1321 a·

694 1352 849 1409 CCCCX.“
885 1355 964 1416 Quod
984 1355 1009 1404 si
1027 1355 1068 1405 ita
1085 1357 1144 1421 est,
1164 1354 1323 1417 symmachi
1341 1355 1393 1404 init
1410 1356 1539 1418 aequalis
1560 1355 1740 1419 Macrobius,
1759 1355 1810 1405 sed
1828 1359 1924 1405 setate

694 1441 795 1492 miser.
830 1440 955 1491 Alterum
973 1438 1040 1490 illud
1059 1437 1228 1502 rescriptum
1245 1441 1337 1489 datum
1357 1442 1508 1492 Ravennae
1522 1454 1549 1491 a
1568 1438 1741 1502 cccxcix,
1759 1452 1814 1502 quo
1832 1441 1930 1491 Arca·.

695 1525 761 1577 dius
791 1527 820 1574 et
849 1524 993 1575 Honorius
1027 1525 1173 1574 Macrobio
1205 1526 1352 1585 praelecto
1382 1525 1526 1587 praetorio
1554 1524 1751 1587 Hispaniarum
1785 1524 1924 1589 scribunt,

696 1609 806 1661 etiamsi
824 1608 962 1671 probiblta
985 1613 1084 1660 essent
1108 1606 1251 1660 sacrificia
1271 1610 1450 1676 templorum,
1483 1614 1573 1660 tamen
1597 1622 1629 1659 se
1653 1609 1728 1658 velle
1747 1607 1924 1670 publicorum

697 1707 812 1757 operum
830 1697 993 1744 ornamenta
1011 1693 1138 1760 servari,
1172 1693 1292 1745 forsitan
1311 1695 1373 1756 quis
1389 1695 1532 1756 putaverit
1552 1708 1607 1745 non
1626 1681 1754 1757 potuisse
1773 1693 1844 1743 mitti
1861 1695 1925 1744 bla-

697 1779 796 1831 crobio
819 1791 946 1842 pagano:
982 1779 1033 1829 sed
1057 1782 1169 1848 poterat
1186 1791 1256 1829 sane
1275 1775 1350 1849 fieri,
1385 1783 1416 1829 ut
1441 1778 1487 1841 qui
1504 1779 1565 1841 ipse
1585 1783 1665 1829 esset
1681 1790 1809 1840 paganus
1826 1777 1856 1828 in
1873 1789 1925 1838 pa-

697 1876 834 1928 ganorum
852 1864 1023 1915 commodum
1041 1867 1146 1929 rogatu
1165 1877 1219 1915 suo
1236 1864 1271 1916 ab
1292 1863 1507 1926 imperatoribus
1531 1863 1695 1926 impetraret
1718 1862 1856 1913 eiusmodi
1876 1874 1925 1925 re-

697 1948 843 2011 scriptum.
1136 1937 1147 2002 ’.

727 2022 731 2029 ’
765 2033 791 2084 8.
825 2034 867 2084 lte
882 2033 1019 2084 blacrobii
1035 2032 1126 2096 patria
1142 2031 1210 2083 nibil
1226 2031 1331 2083 scimus
1350 2031 1405 2082 nisi
1420 2031 1572 2083 Romanurn
1593 2044 1655 2082 eum
1670 2043 1725 2081 non
1743 2029 1848 2096 fuisse,
1871 2030 1925 2082 lm-

698 2131 744 2170 mo
764 2118 793 2168 ln
816 2118 970 2181 longinqua
992 2119 1109 2180 quadarn
1132 2120 1209 2168 terra
1232 2121 1342 2181 natum,
1371 2116 1400 2167 id
1421 2116 1495 2180 quod
1521 2116 1589 2166 dicit
1610 2116 1672 2178 ipse
1695 2117 1808 2167 saturn.
1831 2116 1878 2168 lib.
1900 2117 1924 2180 l,

698 2204 787 2266 praef.
804 2202 817 2268 5
834 2202 892 2252 11.:
910 2202 964 2253 misi
979 2202 1062 2253 sicubi
1077 2217 1127 2253 nos
1145 2201 1208 2253 sab
1227 2201 1295 2255 olio
1312 2209 1398 2253 ortos
1414 2201 1507 2253 coelo
1526 2200 1641 2253 laots'ssoe
1657 2199 1769 2268 lingone
1787 2217 1855 2252 cesso
1870 2217 1924 2252 saca

699 2286 817 2339 adiacet.
854 2289 942 2337 ilecto
960 2299 1030 2349 ergo
1048 2285 1209 2337 Gronovius
1228 2287 1262 2337 ad
1282 2276 1386 2336 Corum.
1405 2286 1453 2336 lib.
1471 2288 1495 2352 l,
1512 2297 1537 2335 c.
1556 2285 1596 2336 1.:
1620 2286 1683 2351 „De
1702 2284 1805 2351 patris,
1823 2285 1924 2350 inquit,

699 2384 756 2422 non
775 2373 854 2422 deest
875 2371 948 2434 quod
967 2371 1131 2437 conficiam,
1165 2371 1246 2421 deest
1269 2369 1317 2422 cui
1340 2367 1451 2421 fidam.“
1487 2370 1568 2430 Quod
1586 2369 1735 2421 Fabricius
1758 2370 1841 2433 (ltibl.
1860 2372 1924 2420 Lat.

700 2457 743 2507 ad.
760 2456 788 2522 l,
811 2471 838 2518 p.
855 2457 914 2505 62⁰.
935 2458 963 2505 et
981 2457 1109 2507 edeldrn.
1126 2456 1183 2505 vol.
1202 2456 1258 2521 lll‚
1283 2469 1308 2518 p.
1326 2454 1401 2521 18⁰„
1422 2456 1459 2507 cl.
1476 2455 1583 2505 Funcc.
1601 2455 1621 2505 l.
1639 2456 1679 2517 c.)
1699 2455 1784 2505 attin
1805 2454 1925 2505 Cicero·

698 2539 784 2595 niano
802 2541 947 2590 lirasmum
966 2529 1054 2589 rideri
1071 2539 1245 2590 Macrobium
1264 2538 1396 2589 babuisse
1414 2552 1465 2601 pro
1486 2539 1597 2590 Graeco
1615 2539 1657 2604 (id
1672 2540 1745 2603 quod
1764 2539 1925 2601 nuperrimo

699 2623 832 2685 repetivit
848 2622 1009 2688 neemias),
1025 2623 1053 2673 id
1071 2622 1180 2674 minime
1197 2624 1272 2682 inest
1289 2623 1317 2673 ln
1333 2623 1443 2674 llrasrsi
1461 2625 1566 2689 verbis,
1582 2623 1628 2688 qui
1647 2623 1688 2688 (p.
1705 2623 1794 2686 ¹4¹·)²
1810 2608 1926 2689 „Aesoss

700 2707 800 2771 picam,
820 2707 919 2772 inquit,
938 2707 1110 2758 corniculam
1128 2707 1192 2757 mibi
1209 2708 1352 2772 nominas3
1376 2721 1413 2759 ex
1431 2708 1549 2760 aliorum
1568 2709 1669 2771 pannis
1688 2717 1758 2759 suos
1777 2707 1925 2758 contexuit

700 2796 846 2843 centones.
881 2793 979 2854 ltaque
995 2804 1049 2843 sua
1066 2792 1164 2856 lingua
1182 2805 1238 2844 non
1256 2794 1396 2857 loquitur,
1426 2793 1500 2843 etsi
1519 2796 1628 2858 quando
1647 2793 1794 2858 loquitur‚·
1819 2793 1927 2843 Grae·

701 2868 814 2927 culum
833 2876 933 2927 lsatine
954 2875 1090 2932 balbutire
1113 2879 1224 2928 credas.
1259 2879 1340 2938 Quod
1358 2891 1450 2940 genus
1468 2881 1513 2928 est
1533 2879 1600 2930 illud
1619 2891 1655 2928 ex
1677 2876 1926 2937 commentario-in

700 2961 835 3011 somnium
848 2960 994 3022 scipionis
1011 2962 1136 3011 secundo
1155 2959 1192 3028 [c.
1210 2961 1253 3028 1⁰,
1272 2961 1286 3028 5
1306 2960 1373 3027 il.]:
1405 2963 1441 3015 llo
1456 2962 1504 3013 lsoe
1522 2977 1577 3013 esse
1594 2963 1687 3014 colant
1707 2962 1777 3028 qood
1795 2961 1927 3012 Homeros

701 3045 857 3097 divinorum·
869 3045 985 3097 omnium
999 3042 1177 3097 iaceatiossum
1192 3048 1258 3111 sens
1275 3047 1397 3115 et-origo
1415 3047 1462 3097 sab
1477 3047 1595 3113 posticae
1610 3047 1678 3098 nube
1688 3045 1818 3114 figurasti
1834 3061 1927 3098 vesun

701 3130 864 3196 sapientibus
882 3129 1001 3196 intelligi
1018 3129 1120 3182 dedit.“
1170 3134 1239 3183 Erat
1256 3145 1318 3183 cum
1336 3136 1462 3194 putarem
1481 3145 1537 3187 uon
1559 3130 1729 3182 Gruemsluss
1747 3129 1798 3181 sed
1814 3145 1927 3196 grues-

701 3214 756 3267 tsm
775 3215 928 3277 scripsisse
946 3216 1103 3280 Erasmuns,
1123 3217 1169 3279 qui
1187 3218 1278 3280 adag.
1296 3218 1325 3282 l,
1344 3218 1374 3281 ⁷,
1390 3219 1447 3268 tta
1464 3199 1669 3283 '„tlrsculus
1686 3214 1779 3266 inter
1793 3216 1926 3281 Musas,

700 3298 805 3365 inqiut,
837 3300 969 3352 indoctus
997 3300 1072 3350 inter
1101 3301 1300 3369 doctissimos,
1332 3301 1537 3353 infantissimus
1566 3301 1641 3352 inter
1665 3298 1926 3363 eloquentissimos.

701 3386 791 3436 ilecto
814 3386 969 3436 diceturet
988 3383 1161 3436 inlumines
1186 3387 1377 3439 ostentatione
1399 3386 1491 3437 falsae
1513 3385 1658 3435 doctrinae
1679 3397 1711 3434 se
1732 3384 1876 3436 iactantes
1897 3387 1931 3436 et

702 3468 772 3520 viris
798 3470 915 3520 eruditis
938 3470 1112 3534 impudenter
1134 3457 1340 3535 obstrepentes.
1374 3474 1427 3522 Est
1446 3471 1518 3521 enim
1540 3470 1711 3530 graculus
1732 3468 1795 3519 avis
1814 3468 1926 3522 minime

703 3566 810 3604 canora
827 3555 877 3603 sed
895 3537 991 3603 tamen
1006 3555 1104 3604 odiose
1122 3556 1238 3617 garrula
1259 3562 1342 3620 atque
1361 3555 1546 3616 obstrepera“
1566 3553 1621 3616 ²⁷).
1656 3556 1693 3602 at
1711 3553 1794 3604 etiam
1810 3553 1840 3603 in
1858 3554 1926 3604 edit.

701 3636 836 3686 Frobenii
853 3638 919 3687 anni
939 3638 1087 3687 bexlx
1105 3639 1210 3702 legitur
1233 3638 1391 3700 Graeculos,
1427 3639 1453 3689 id
1475 3650 1545 3701 ergo
1570 3649 1644 3687 nunc
1665 3637 1839 3687 retinendum
1858 3651 1926 3689 esse

702 3720 841 3784 arbitror,
865 3733 954 3783 neque
971 3726 1062 3776 tannen
1081 3724 1208 3773 concede
1226 3725 1370 3774 ldrasrnum
1391 3722 1523 3774 babuisse
1540 3721 1712 3772 Macrobiunr
1730 3734 1781 3784 pro
1801 3723 1926 3775 Graeco.

701 3806 769 3854 Nam
788 3806 887 3855 verba:
924 3803 1083 3856 Graeculam
1103 3805 1200 3861 detine
1216 3807 1346 3873 balbutire
1363 3806 1496 3869 eredas,
1530 3810 1659 3857 nontam
1678 3806 1815 3869 originem
1834 3808 1928 3858 Gree-

702 3895 764 3939 carn
776 3901 862 3952 'quam
880 3901 1044 3950 perversam
1063 3892 1196 3943 Graeculi
1217 3892 1371 3943 doctrinam
1390 3890 1437 3956 ²⁸)
1460 3887 1640 3957 significant,
1675 3890 1703 3941 id
1724 3891 1798 3954 quod
1819 3883 1928 3945 conflr'·

770 4127 816 4188 ὀ)
838 4124 982 4178 Onomasl.
1007 4127 1061 4180 vol.
1081 4126 1109 4190 1,
1130 4144 1157 4195 p.
1173 4131 1233 4180 tte.
1268 4128 1384 4180 Schoell
1404 4126 1512 4189 (Tabia
1529 4124 1696 4195 synoptiqne
1714 4125 1764 4177 des
1783 4126 1927 4186 icrivains

701 4193 850 4256 Romains)
876 4194 901 4245 ei
924 4194 1052 4262 assignat
1075 4210 1178 4247 annum
1201 4193 1340 4252 GCGGIX.
1375 4195 1517 4257 Baehrins
1536 4195 1647 4256 (Roem.
1668 4192 1845 4247 uit-(resch.
1870 4199 1927 4252 vol.

701 4262 738 4325 ll,
757 4280 784 4329 p.
802 4267 878 4323 600.)
897 4263 984 4314 reiert
999 4264 1072 4315 alios
1091 4264 1169 4325 [coil.
1187 4265 1286 4316 Melini
1305 4265 1324 4315 l.
1344 4282 1368 4316 c.
1383 4270 1412 4316 et
1429 4263 1531 4315 Graes.
1552 4263 1623 4314 thes.
1642 4262 1700 4316 anti
1721 4278 1748 4312 n.
1766 4263 1850 4319 Rom,
1869 4268 1927 4319 vol.

700 4330 738 4392 V,
762 4349 786 4395 p.
805 4332 1025 4405 diiii-statuere
1045 4332 1227 4383 Macrobium.
1242 4332 1375 4384 floruisse
1397 4332 1471 4384 inter
1488 4347 1590 4386 unum
1609 4279 1750 4380 CCCXQV
1772 4336 1800 4383 et
1820 4348 1928 4406 annuns

672 4435 687 4450 s
700 4396 922 4458 ccccxxxiii,
951 4398 983 4447 Ε.
1004 4398 1169 4450 Tonberum
1182 4416 1248 4452 vero
1265 4401 1314 4461 (ds
1332 4399 1412 4464 Seru.
1430 4398 1481 4465 rit.
1498 4405 1526 4451 et
1542 4403 1656 4459 comm.)
1673 4414 1737 4449 eum
1755 4397 1810 4451 ianr
1829 4407 1928 4454 natum

699 4463 790 4515 inisse
807 4479 878 4514 anno
897 4461 1023 4515 CCCLX.
1057 4465 1115 4515 Alii
1133 4466 1220 4518 aliam
1235 4466 1383 4518 Macrobio
1403 4465 1768 4533 assignaveruntaelatem.
1803 4466 1852 4520 Sic
1870 4467 1928 4523 rs-

699 4532 807 4582 bricius
825 4530 913 4590 (Bibl.
929 4531 991 4583 nst.
1008 4532 1051 4583 ed.
1070 4533 1091 4583 1.
1107 4535 1198 4601 suppl.
1216 4552 1241 4600 p.
1250 4537 1322 4598 263„
1339 4535 1386 4585 ed.
1401 4534 1469 4586 Ern-
1484 4527 1541 4586 vai.
1558 4534 1610 4597 lll,
1628 4552 1655 4601 p.
1673 4537 1747 4596 rel.;
1764 4534 1802 4586 cl.
1819 4535 1926 4589 Funec.

699 4599 720 4650 l.
738 4604 777 4655 c.)
795 4599 953 4651 Ricciolnm
972 4599 1012 4668 ait
1035 4600 1064 4652 in
1083 4602 1245 4669 Aimagesto
1264 4602 1470 4667 reprehendere
1488 4601 1714 4664 (denehardum,
1735 4601 1928 4658 Sansovinnm

700 4672 729 4718 et
747 4666 919 4728 Thermum,
949 4668 1076 4735 quicum
1095 4671 1129 4721 ad
1146 4672 1272 4732 somnium
1291 4670 1445 4723 secundnm
1461 4686 1479 4723 a
1497 4669 1612 4722 Christo
1629 4676 1694 4724 nato
1708 4670 1877 4739 retulerint,
1899 4678 1929 4727 et

700 4735 875 4788 coniectores
893 4735 995 4789 indicis
1012 4735 1201 4794 bibliothecae
1221 4737 1387 4802 vaticanae,
1409 4737 1457 4804 qui
1474 4738 1510 4790 ad
1530 4738 1679 4789 decimum.

768 4804 814 4863 ²⁷)
834 4801 877 4854 Gi.
897 4802 947 4855 ch.
967 4806 999 4855 Α.
1015 4804 1174 4858 Heumanni
1191 4814 1371 4874 conspectum
1390 4804 1471 4873 Reip.
1493 4804 1567 4858 liter.
1586 4820 1647 4871 esp.
1664 4804 1731 4871 Vll,
1749 4806 1762 4871 5
1779 4809 1837 4857 liba
1864 4806 1929 4871 „ul

700 4868 761 4936 (qui
778 4870 930 4937 splurinrn
949 4871 1032 4942 libris
1049 4879 1204 4941 congerunt
1217 4874 1352 4942 quidquid
1368 4872 1505 4934 scribunt,
1522 4872 1711 4941 descriptores
1730 4873 1824 4926 verius
1840 4891 1928 4942 quan

699 4937 867 5020 scriptores)
887 4942 1034 5006 graculo
1053 4940 1103 5023 illi
1122 4943 1270 5009 Aesopio
1295 4941 1405 5023 similes
1424 4953 1508 5037 s‘puum
1528 4940 1599 5005 ¹uadi
1623 4947 1652 4994 et
1675 4940 1791 4996 ridiculi
1811 4943 1928 4998 eruuri

699 5012 822 5154 with?
832 5021 913 5136 liiii
924 5023 1263 5132 tiffiliiiisi'iisis'iiii.
1273 5008 1430 5144 miiaiin.
1448 5073 1602 5141 hainonii,
1624 5074 1857 5143 quotiescumque
1871 5077 1928 5132 lans

699 5141 758 5207 legs
777 5141 914 5210 epistolas
932 5144 1082 5214 (ignatii),
1101 5139 1274 5213 deprehendi
1291 5142 1389 5198 omnis
1400 5143 1430 5195 iu
1473 5142 1510 5193 iis
1527 5160 1594 5198 esse
1609 5143 1731 5211 frigida,
1749 5144 1862 5211 ieiune,
1882 5146 1929 5200 is·

699 5208 759 5278 epti
779 5210 897 5264 tumoris
915 5211 1124 5280 affectatsoqne
1136 5212 1401 5281 grandiloqueuliue
1417 5210 1502 5280 plena
1523 5216 1552 5265 et
1569 5210 1655 5265 nimis
1673 5211 1768 5266 vivide
1783 5212 1928 5281 spirantis

699 5292 801 5332 vanum
821 5280 982 5348 otplanusn
1000 5280 1258 5338 desecuisset.
1546 5317 1550 5324 ·
1602 5313 1607 5322 ·
