5092 6425
805 909 942 978 COMM.
963 909 1007 976 IN
1028 906 1155 979 SOMN.
1176 908 1276 979 scu.
1318 907 1395 977 LlB.
1415 907 1455 975 IL
1499 904 1591 977 CAP.
1609 907 1679 975 XV.
1762 907 1826 979 203
1935 940 1939 950 ·

656 1083 734 1158 nlla,
755 1092 808 1146 cut
827 1082 863 1147 ab
883 1081 944 1146 olio
964 1091 1097 1146 necetur
1117 1079 1223 1144 etalio
1241 1088 1345 1144 mooe.
1385 1078 1429 1145 Et
1446 1079 1531 1166 prior
1552 1079 1590 1148 ad
1610 1079 1762 1157 animam,
1788 1077 1827 1145 ad

656 1167 759 1232 omnia
785 1187 859 1233 vero
886 1186 1014 1250 corpora
1041 1162 1195 1230 secundus
1217 1160 1360 1228 retertur.
1401 1163 1443 1228 Hi
1468 1185 1543 1250 argo
1570 1166 1634 1233 duo
1663 1173 1768 1233 mouns
1795 1172 1828 1231 et

657 1252 830 1317 differentia
852 1258 1034 1337 separantur
1057 1257 1090 1316 et
1110 1249 1256 1315 societate
1278 1247 1465 1332 iunguntur:
1504 1270 1668 1318 commune
1691 1251 1751 1318 hoc
1771 1250 1827 1317 be·

657 1339 746 1415 bent,
782 1337 865 1424 quod
885 1347 916 1402 et
936 1337 1021 1422 prior
1042 1344 1073 1401 et
1094 1335 1248 1401 secundus
1270 1339 1398 1399 movent
1420 1333 1495 1406 alia:
1534 1334 1595 1400 hoe
1614 1346 1717 1404 autam
1738 1338 1828 1405 diffe-

657 1430 745 1501 runt,
784 1423 866 1509 quod
892 1423 943 1488 ille
973 1444 991 1488 a
1018 1443 1051 1487 se
1079 1421 1129 1487 hic
1156 1420 1195 1488 ab
1222 1419 1284 1486 alio
1312 1427 1465 1486 moretur.
1520 1419 1569 1485 Ex
1592 1419 1643 1501 his
1672 1424 1877 1502 omnibus,2t5

658 1530 737 1595 quae
756 1517 844 1574 eruta
866 1509 904 1574 de
922 1509 1152 1575 Platonicorum
1172 1526 1319 1572 sensuum
1338 1505 1525 1572 fecunditate
1543 1505 1732 1590 collegimus,
1755 1529 1828 1573 con·

657 1594 736 1660 stitit
755 1615 817 1659 non
837 1617 904 1660 esse
926 1615 1034 1661 rerum
1055 1594 1158 1659 omnia
1177 1612 1257 1678 quae
1276 1598 1440 1658 moventur
1459 1591 1498 1658 ab
1514 1591 1576 1657 alio
1599 1592 1732 1657 moveri:
1753 1613 1827 1677 ergo

657 1702 713 1745 nec
736 1681 921 1766 principium
942 1687 1046 1745 motus
1067 1679 1105 1745 ad
1128 1676 1349 1764 deprecandam
1373 1677 1500 1744 alterius
1521 1677 1674 1745 moventis
1696 1678 1828 1743 necessi·

655 1774 752 1831 tatem
775 1775 856 1832 stare
879 1766 1015 1843 dicetur,
1046 1765 1118 1851 quia
1141 1770 1243 1850 potest
1262 1784 1295 1828 se
1317 1763 1434 1848 ipsum,
1459 1771 1496 1830 ut
1520 1763 1669 1841 diximus,
1702 1784 1828 1830 movere

656 1852 718 1916 alio
740 1873 803 1916 non
824 1858 977 1916 movente.
1019 1852 1193 1916 Enervatus
1215 1857 1269 1915 est·
1281 1849 1375 1934 igitur
1396 1848 1604 1948 syllogismus,
1625 1871 1718 1936 quem
1740 1855 1877 1936 prae-27

658 1938 751 2001 missa
773 1937 855 2002 varia
878 1944 910 2002 et
930 1935 1092 2021 multiplici
1115 1935 1264 2002 divisione
1282 1934 1456 2019 collegerat,
1478 1935 1508 2001 id
1529 1944 1590 2002 est:
1610 1939 1723 2003 Anima
1737 1939 1829 2024 prin·

657 2024 772 2108 cipiunt
791 2034 887 2087 motus
909 2034 968 2088 est:
1003 2023 1195 2109 prtbca'ptitm
1216 2033 1314 2086 autem
1333 2031 1429 2086 motus
1455 2021 1519 2086 non
1543 2034 1694 2088 monum:
1734 2025 1829 2108 ipc'tur

659 2109 762 2172 anemo
782 2131 845 2174 non
865 2119 1007 2173 monetur.
1050 2109 1173 2184 Restat,
1194 2114 1245 2184 ut,
1271 2105 1344 2192 quia
1364 2106 1503 2171 constitit
1522 2115 1612 2192 po'sse
1634 2107 1751 2193 aliquid
1772 2129 1829 2193 per

661 2214 694 2257 se
715 2194 832 2258 moveri
855 2193 915 2258 alio
936 2215 1000 2258 non
1023 2200 1183 2270 movente,
1215 2192 1349 2258 animam
1372 2190 1431 2257 hoe
1451 2211 1518 2256 esse
1542 2191 1704 2257 doceatur:
1743 2193 1827 2278 quod

659 2278 745 2343 lacile
768 2278 936 2356 docebitur,
958 2280 984 2343 si
1004 2279 1042 2343 de
1060 2277 1230 2343 manifestis
1250 2284 1282 2342 et
1301 2276 1555 2344 indubitabilibus
1575 2285 1756 2362 argumenta
1777 2300 1828 2344 su·

659 2385 788 2429 mamus.
830 2364 957 2429 Homini
987 2372 1106 2430 motum
1133 2371 1187 2430 aut
1214 2363 1317 2429 anima
1344 2369 1479 2448 praestat
1499 2370 1553 2428 aut
1575 2384 1687 2448 corpus
1711 2371 1769 2429 aut
1789 2363 1827 2429 de
1835 2366 1879 2433 28

658 2457 793 2534 utroque
817 2450 991 2535 permixtio.
1034 2451 1077 2515 Et
1101 2450 1175 2536 quia
1200 2449 1260 2514 tria
1282 2456 1355 2519 sunt
1381 2449 1556 2535 dequibus
1584 2448 1744 2536 inquisitio
1771 2448 1829 2515 ista

658 2536 811 2684 procedit,
849 2557 919 2601 curn
947 2557 1049 2633 neque
1073 2557 1091 2600 a
1120 2556 1248 2621 corpore
1277 2556 1379 2619 neque
1407 2555 1425 2600 a
1452 2534 1657 2619 permixtione
1681 2535 1828 2620 praestari

682 2643 719 2686 oo
739 2642 829 2706 posse
851 2621 1038 2700 constiterit,
1059 2628 1169 2699 restat,
1189 2628 1226 2686 ut
1243 2620 1282 2686 ab
1303 2621 1405 2686 anima
1425 2620 1543 2685 moveri
1565 2619 1724 2686 hominem
1745 2621 1829 2687 nulla

659 2706 810 2772 dubitatio
839 2707 886 2772 sit.
929 2709 1020 2774 Nunc
1048 2706 1085 2772 de
1113 2706 1243 2791 singulis
1271 2727 1307 2772 ae
1334 2707 1470 2792 primum
1499 2705 1538 2771 de
1566 2727 1695 2793 corpore
1722 2705 1880 2792 loque-29

659 2814 738 2859 mur.
793 2793 921 2860 Nullum
951 2793 1122 2859 inanimum
1150 2814 1261 2879 corpus
1288 2813 1345 2858 suo
1373 2799 1462 2858 motu
1490 2792 1606 2858 moveri
1637 2791 1829 2858 manifestius

660 2886 707 2943 est
729 2900 821 2964 quam
844 2888 880 2945 ut
901 2879 1105 2945 adserendum
1126 2879 1179 2944 sit:
1219 2877 1295 2943 nihil
1316 2884 1364 2943 est
1384 2886 1488 2944 autem
1509 2877 1609 2964 quod,
1635 2878 1710 2945 dum
1731 2878 1829 2943 inmo·

660 2963 723 3026 bile
746 2965 800 3037 sit,
820 2964 903 3030 aliud
926 2965 1024 3050 possit
1045 2984 1184 3031 morere:
1209 2965 1303 3050 igitur
1322 2985 1434 3049 corpus
1454 2963 1612 3030 hominem
1634 2984 1697 3029 non
1719 2971 1830 3031 movet.

661 3047 853 3126 Videndum,
882 3071 921 3115 ne
941 3048 1020 3116 forte
1041 3050 1162 3117 animae
1183 3059 1216 3116 et
1235 3048 1374 3135 corporis
1395 3048 1461 3135 ipsa
1482 3049 1647 3135 permixtio
1666 3050 1750 3117 hunc
1770 3049 1828 3119 sibi
1838 3046 1881 3113 30

1450 3305 1536 3368 [Edd.
1559 3303 1762 3374 vicebgspdzb.

664 3384 737 3449 „Mn
757 3389 785 3437 et
805 3384 875 3437 0x.“
920 3394 967 3439 unt
984 3404 1011 3438 ee
1030 3394 1098 3449 (om.
1116 3394 1156 3451 et]
1177 3389 1201 3440 Β
1222 3389 1278 3450 (Rl
1297 3403 1384 3439 esee.
1401 3393 1462 3448 nn).
1478 3388 1658 3442 Eddsdbo.
1687 3418 1722 3430 -
1745 3397 1832 3441 motus

663 3454 814 3519 differentia
832 3461 900 3514 (om.
916 3460 954 3514 cl]
972 3454 1048 3524 ring.
1200 3460 1243 3508 26.
1280 3457 1325 3508 Εν
1341 3457 1460 3508 omuibus
1474 3458 1515 3509 liis
1531 3458 1581 3510 Rl.
1598 3487 1626 3496 -
1646 3458 1765 3510 ulterius
1781 3475 1811 3509 e-

664 3522 714 3582 (ch
741 3521 770 3572 in
791 3538 849 3589 mg.
873 3524 1008 3583 alternis)
1034 3523 1087 3575 112.
1122 3525 1298 3592 „Utrumque
1322 3523 1525 3590 repudiandum
1550 3527 1623 3577 est.“
1651 3526 1737 3578 Zcuu.
1771 3476 1833 3578 vui.

663 3595 720 3641 not.
742 3618 768 3627 -
789 3591 892 3642 dicetur
910 3598 981 3643 sture
998 3591 1030 3642 Β.
1049 3618 1083 3629 -
1099 3594 1162 3661 quia
1178 3601 1248 3662 post
1266 3611 1289 3644 c.
1326 3593 1390 3659 quia
1404 3600 1477 3659 post
1491 3600 1578 3661 potest
1597 3594 1646 3661 bg.
1682 3595 1731 3662 qui
1746 3602 1833 3664 puteat

663 3674 689 3709 e.
706 3686 740 3695 -—
757 3674 785 3709 ac
804 3659 888 3725 ipsum
908 3659 1100 3729 Maur-gbllo
1119 3664 1155 3726 „4
1172 3662 1276 3729 Augl.“
1310 3660 1436 3725 „Sensus
1455 3661 1592 3727 postulat,
1609 3678 1710 3730 nempe
1727 3662 1833 3729 prinei·

663 3726 740 3792 pium
760 3730 882 3778 motus.“
904 3726 989 3779 Zeuu.
1039 3729 1222 3798 seipsos-z.
1282 3796 1288 3810 ι
1384 3732 1427 3780 21.
1463 3736 1502 3782 est
1520 3746 1599 3798 ergo
1615 3728 1658 3781 Fs
1676 3732 1713 3796 „4
1729 3731 1833 3799 Angl.“

663 3795 863 3914 taeent-
883 3795 1833 3934 plu.⁶.⁸‘,nttl·;rtuzn‘n.tratreermom

663 3931 696 3981 Β.
715 3958 747 3968 -
764 3948 898 3984 sumamus
917 3951 948 3983 ur
989 3943 1077 3987 menta
1095 3934 1128 3985 Β.
1281 3937 1324 3986 28.
1359 3935 1413 3986 istu
1428 3934 1564 4001 inquisitio
1582 3934 1633 3986 Rl.
1786 3936 1832 3985 29.

663 4000 858 4057 inanimatum,
871 4000 949 4065 „Tru
978 4004 1007 4053 .“
1025 4021 1153 4070 -quum
1170 4003 1340 4055 uomendum
1357 4008 1433 4066 (sup.
1453 4002 1517 4053 add.
1534 4006 1578 4061 ut)
1593 4001 1645 4051 Rl.

663 4071 706 4117 ³0.
741 4083 781 4117 an
795 4070 869 4132 forte
886 4068 918 4120 Β.
935 4098 966 4107 -
984 4071 1044 4138 ipsu
1058 4071 1218 4124 commistio
1237 4069 1271 4122 Β.
1304 4070 1444 4138 permistio
1461 4073 1538 4135 (unp.
1556 4068 1620 4121 add.
1639 4068 1713 4135 ipso)
1731 4065 1833 4117 1³¹·-

697 4306 741 4353 25.
780 4302 870 4353 Omnia
889 4309 974 4353 motus
998 4310 1066 4355 ..et
1089 4303 1146 4354 ulla
1168 4319 1224 4354 mo·
1273 4298 1434 4385 παρέχουσα
1450 4299 1587 4384 municeps
1606 4295 1691 4382 μηδὲν
1709 4295 1834 4380 (lentipes,

663 4371 717 4436 cot]
734 4370 778 4421 cl.
790 4370 865 4421 Plat.
883 4371 916 4421 de
933 4372 1009 4438 legg.
1025 4372 1044 4420 l.
1062 4370 1096 4435 ll,
1112 4388 1137 4438 p.
1149 4373 1223 4421 894.=
1275 4404 1301 4421 ..
1318 4382 1445 4434 σωματος
1460 4382 1532 4420 ονσα
1553 4383 1639 4436 onor
1661 4374 1775 4434 αψνχον
1788 4381 1835 4432 με·

887 4429 895 4453 Q

658 4431 748 4490 Ἔστω
765 4436 859 4489 τοίνυν
876 4455 895 4503 η
913 4434 961 4504 μὲν
984 4436 1063 4505 ἔτερα
1086 4433 1224 4504 δυναμένη
1274 4430 1394 4506 capotii,-

663 4510 747 4558 κινεῖν
763 4505 873 4572 κίνησις,
888 4500 989 4573 ἑαυτὴν
1003 4504 1033 4559 ot
1045 4500 1225 4558 ἀδυνατοῦσα
1307 4510 1351 4557 26.
1386 4503 1424 4556 ud
1442 4503 1635 4571 deprecandum
1652 4501 1763 4555 ulterior
1777 4518 1835 4553 uro·

664 4570 709 4626 nial
724 4574 774 4639 μία
790 4591 842 4638 τις,
871 4567 890 4639 ἡ
913 4570 937 4625 δ’
955 4567 1056 4643 ἑαυτήν
1072 4567 1094 4625 τ’
1118 4568 1162 4625 ciel
1177 4571 1225 4625 nal
1273 4573 1549 4625 omnianeeemuatem
1563 4571 1644 4637 sture]
1662 4571 1760 4636 „Haec
1775 4570 1834 4621 lor-

664 4638 745 4709 tzrpa
767 4636 914 4708 δυναμένη.
1273 4642 1349 4693 mula
1370 4639 1485 4693 eundem
1505 4639 1561 4690 vim
1578 4639 1678 4703 babet,
1701 4654 1774 4705 quun
1791 4642 1835 4690 est

696 4712 771 4778 prior
787 4712 823 4761 ud
840 4711 967 4777 animum]
986 4710 1029 4762 cf.
1045 4708 1114 4762 ibid.
1133 4725 1159 4774 p.
1170 4712 1224 4761 895
1274 4709 1300 4777 [b
1312 4709 1364 4776 re]
1382 4709 1411 4761 iu
1427 4707 1480 4760 illa
1498 4708 1706 4760 acclinationem
1723 4708 1835 4759 cuatus

665 4796 723 4845 seq.
736 4767 781 4829 ‘nc
798 4772 840 4847 etp
851 4774 928 4846 ψυχὴ
946 4771 1084 4844 τοῦνομα,
1101 4775 1143 4837 τίς
1159 4771 1224 4829 cori·
1273 4779 1401 4830 mouentia
1418 4776 1562 4829 excludere.
1600 4776 1744 4857 Deprecari
1758 4774 1834 4827 euim

664 4863 715 4898 τον
738 4842 831 4929 topos,-
863 4841 958 4913 ἔχομεν
980 4840 1062 4898 ἄλλον
1083 4839 1155 4911 πλὴν
1174 4840 1225 4897 τὸν
1273 4845 1419 4914 significat
1434 4843 1517 4897 vuldo
1535 4857 1663 4912 precari,
1688 4849 1718 4895 et
1734 4858 1835 4896 censu·

663 4912 717 4966 νῦν
753 4914 788 4980 δη
823 4910 959 4996 ῥηθέντα,
993 4908 1044 4982 τὴν
1073 4908 1225 4978 δνναμένην
1273 4915 1331 4967 1οοί
1353 4913 1470 4966 remoti·
1493 4912 1583 4979 tropis
1605 4913 1689 4979 paulo
1710 4910 1833 4964 insoleu-

665 4977 754 5049 αὐτὴν
772 4976 860 5050 αὐτην
878 4986 961 5036 κινεῖν
976 4982 1090 5050 κίνησιν,
1108 4988 1136 5033 et
1153 4996 1225 5047 quae
1274 4982 1395 5036 tinribnn
1406 4981 1454 5032 bio
1465 4986 1521 5033 ent:
1540 4980 1713 5047 Principium
1731 4985 1835 5043 motus,

666 5056 829 5114 sequuntur.
1276 5069 1326 5104 neu
1343 5051 1415 5104 illud
1434 5044 1628 5114 αὐτοκίνητον,
1645 5046 1764 5101 alterins
1781 5044 1834 5108 roi,

700 5117 736 5168 ud
762 5119 851 5170 omnia
874 5136 935 5171 vero
962 5135 1072 5187 corpora
1097 5116 1226 5169 accendar
1277 5135 1347 5185 quae
1364 5124 1485 5181 movent,
1504 5117 1532 5168 vi
1549 5123 1578 5168 et
1595 5132 1648 5182 ope
1665 5131 1720 5166 uon
1738 5115 1834 5181 eget·“

666 5185 798 5303 referrarp
821 5185 865 5237 cr.
882 5186 953 5239 arra.
976 5204 1003 5253 p.
1024 5190 1085 5239 eon
1104 5174 1155 5251 ‘aa
1175 5173 1226 5237 οὖν
1277 5187 1362 5239 zm.
1378 5215 1413 5225 -
1430 5185 1492 5238 vro.
1511 5188 1569 5236 noc.
1586 5184 1623 5236 an
1639 5182 1662 5246 r,
1680 5186 1707 5247 s,
1724 5184 1750 5233 4.

667 5244 758 5317 οὐχὴ
798 5246 857 5303 Ην
889 5270 921 5307 ον
943 5251 973 5307 ἐν
992 5247 1065 5326 dttp
1083 5268 1171 5321 γιννο,
1186 5248 1226 5320 ’νη
1309 5258 1353 5307 29.
1386 5255 1490 5307 nullm·
1507 5250 1654 5304 inanimum
1676 5265 1770 5318 enrpm
1788 5264 1835 5301 cuo

668 5317 784 5385 κίνησις,
817 5313 870 5372 cair
905 5317 935 5374 δὲ
950 5317 979 5375 ἐν
995 5315 1073 5391 αὐτῷ
1089 5268 1226 5389 prosilire
1277 5330 1349 5377 motu
1362 5321 1471 5388 neom]
1488 5319 1549 5373 Vid.
1567 5323 1622 5373 not
1639 5316 1676 5370 nd
1689 5333 1717 5369 c.
1733 5316 1843 5378 [ΛΜ.
