5092 6425
771 916 910 984 COMM.
931 915 976 984 IN
997 913 1125 984 SOMN.
1146 912 1255 982 solu:
1290 914 1364 979 LIB.
1382 915 1407 980 1.
1451 915 1541 982 CAP.
1564 916 1636 982 XX.
1657 918 1743 984 xxi.
1791 919 1853 986 119

677 1087 847 1172 similisque
869 1087 1051 1153 observatio·
1067 1087 1100 1150 in
1129 1086 1264 1171 singulas
1286 1092 1388 1171 partes
1417 1085 1619 1170 migrantibus
1646 1089 1743 1154 stellis
1766 1097 1851 1157 tene·

676 1183 737 1238 tur.
780 1175 822 1238 Et
842 1173 914 1258 quia
935 1172 1052 1237 facilior
1074 1171 1111 1237 ad
1133 1172 1324 1237 intellectum
1346 1193 1402 1256 per
1421 1171 1527 1235 oculos
1549 1172 1597 1236 via
1617 1181 1679 1252 ost,
1712 1175 1741 1240 id
1766 1179 1876 1262 quodd

677 1280 779 1324 sermo
801 1258 960 1343 descripsit
980 1258 1064 1324 visus
1082 1258 1230 1342 adsignet
1265 1259 1350 1322 ¹Esto
1371 1257 1453 1322 enim
1473 1255 1615 1323 zodiacus
1635 1260 1776 1340 circulus,
1797 1265 1846 1327 cui

677 1345 843 1430 ascriptum
864 1352 911 1409 est
930 1345 967 1420 Α,
990 1343 1070 1408 intra
1092 1342 1175 1408 hunc
1196 1349 1314 1428 septem
1337 1343 1388 1407 alii
1410 1342 1500 1407 orbes
1522 1343 1670 1422 locentur,
1692 1354 1724 1410 et
1744 1348 1846 1413 zodia·

676 1453 729 1496 cus
752 1431 789 1495 ab
809 1433 836 1495 A
858 1451 913 1516 per
939 1430 1078 1494 ordinem
1102 1429 1200 1494 affixis
1229 1429 1325 1504 notis,
1366 1428 1479 1514 quibus
1507 1429 1699 1496 ascribentur
1726 1432 1845 1499 litterae

677 1523 854 1602 sequentes,
894 1515 926 1579 in
949 1524 1051 1600 partes
1075 1514 1235 1580 duodecim
1258 1514 1427 1579 dividatur:
1469 1514 1570 1599 sitque
1599 1517 1731 1600 spatium
1761 1521 1844 1604 quod

675 1603 754 1667 inter
780 1604 808 1666 A
835 1609 868 1666 et
893 1602 924 1665 Β
951 1600 1105 1666 clauditur
1132 1600 1230 1665 Aristi
1258 1599 1454 1685 deputatum,
1492 1601 1575 1685 quod
1603 1601 1683 1666 inter
1708 1604 1739 1667 Β
1765 1612 1797 1669 et
1823 1607 1850 1670 C

673 1689 783 1766 Tauro,
804 1686 887 1773 quod
909 1687 990 1751 inter
1011 1687 1084 1752 Cet
1105 1687 1136 1750 D
1157 1686 1305 1762 Geminis,
1328 1685 1447 1751 Cancro
1467 1685 1550 1786 quod
1573 1688 1721 1771 sequitur,
1744 1697 1775 1753 et
1796 1711 1844 1755 ro-

671 1773 764 1859 liquis
785 1793 842 1858 per
871 1773 1011 1837 ordinem
1039 1781 1150 1836 cetera.
1192 1773 1249 1836 His
1277 1771 1452 1836 constitutis
1478 1790 1539 1836 ram
1568 1770 1606 1836 do
1636 1773 1764 1858 singulis
1792 1778 1872 1839 aod

671 1859 750 1923 diaci
774 1857 854 1923 notis
876 1866 908 1922 et
927 1857 1037 1922 litteris
1059 1857 1197 1942 singulae
1221 1857 1365 1922 deorsum
1389 1857 1487 1923 lineae
1509 1878 1565 1942 per
1582 1879 1691 1924 omnes
1712 1860 1843 1927 circulos

671 1945 709 2008 ad
734 1944 877 2009 ultimum
899 1964 999 2029 usque
1027 1942 1193 2008 ducantur:
1233 1943 1341 2029 procul
1368 1943 1463 2008 dubio
1489 1963 1544 2027 per
1569 1965 1677 2009 omnes
1704 1946 1842 2030 singulos

671 2030 828 2095 duodenas
847 2036 950 2116 partes
970 2028 1085 2094 dividet
1105 2029 1253 2093 transitus
1272 2029 1432 2093 linearum.
1473 2030 1509 2093 ln
1530 2049 1726 2114 quocumque
1747 2032 1842 2115 igitur

670 2117 785 2181 circulo
808 2136 863 2180 seu
883 2115 929 2180 sol
952 2114 983 2179 in
1006 2114 1059 2178 illo
1083 2135 1137 2179 seu
1161 2114 1232 2178 luna
1255 2113 1302 2178 vel
1326 2113 1364 2177 de
1385 2113 1468 2197 vagis
1489 2133 1704 2200 quaecumque
1725 2116 1840 2181 discur-

671 2208 733 2277 rat,
768 2193 897 2265 eumad
923 2200 1054 2301 spatium
1078 2200 1212 2276 venerit,
1248 2197 1332 2282 quod
1356 2198 1555 2263 interlineas
1578 2199 1730 2264 clauditur
1752 2202 1790 2264 ab
1813 2204 1840 2266 A

671 2294 703 2350 et
721 2287 752 2350 Β
776 2287 857 2351 notis
879 2294 911 2350 et
931 2286 1027 2350 lateris
1049 2285 1235 2360 defluentes,
1256 2283 1288 2348 in
1309 2284 1415 2348 Ariete
1436 2304 1503 2348 esse
1524 2283 1658 2361 dicetur,
1680 2287 1752 2371 quia
1776 2286 1839 2351 illic

671 2371 836 2436 constituta
865 2371 996 2456 spatium
1022 2371 1137 2436 Arietis
1167 2371 1198 2433 in
1224 2369 1347 2433 zodiaco
1377 2369 1570 2454 designatum
1598 2390 1692 2454 super
1724 2373 1888 2460 vertipos]

670 2479 750 2534 cem,
779 2457 858 2521 sicut
878 2457 1108 2556 descripsimus,
1133 2454 1266 2520 habebit
1311 2454 1458 2519 Similiter
1478 2455 1509 2519 in
1535 2476 1762 2542 quamcumque
1783 2458 1838 2521 mi-

668 2543 801 2628 graverit
821 2550 954 2628 partem,
977 2565 1008 2606 m
1032 2542 1120 2627 signo
1142 2541 1199 2606 sub
1222 2561 1285 2626 quo
1305 2540 1398 2605 luerit
1419 2560 1486 2605 esse
1507 2541 1635 2606 dicetur.

750 2633 854 2714 Atque
880 2629 956 2693 haec
985 2629 1049 2713 ipsa
1078 2622 1243 2712 descriptio
1271 2626 1379 2690 eodem
1407 2627 1590 2712 compendio
1619 2647 1678 2692 nos
1706 2627 1866 2705 docebit,5

667 2736 721 2779 cur
751 2715 884 2781 eundem
910 2714 1067 2779 zodiacum
1099 2713 1269 2797 eademque
1300 2713 1385 2798 signa
1417 2713 1493 2778 aliae
1525 2721 1665 2797 tempore
1698 2714 1837 2798 longiore

666 2801 741 2865 aliae
767 2801 908 2866 breviore
930 2806 1121 2885 percurrant.
1165 2798 1319 2877 Quotiens
1341 2800 1422 2862 enim
1451 2798 1555 2882 plures
1583 2798 1674 2864 orbes
1699 2800 1780 2864 inter
1803 2820 1836 2865 se

665 2887 819 2963 locantur,
852 2887 932 2951 sicut
951 2886 1103 2950 maximus
1126 2891 1172 2950 est
1196 2884 1247 2948 illa
1290 2884 1321 2948 ui
1342 2885 1461 2969 primus
1480 2894 1528 2950 est
1557 2892 1589 2949 ot
1611 2885 1757 2950 minimus
1779 2886 1835 2984 qui

664 2973 764 3037 locum
786 2973 931 3036 ultimum
954 2979 1055 3048 tenet,
1098 2970 1139 3034 ita
1161 2969 1198 3034 de
1222 2904 1330 3034 mediis
1353 2971 1405 3055 qui
1427 2991 1548 3036 summo
1569 2971 1695 3055 propior
1720 2980 1768 3035 est
1789 2993 1837 3035 m-

665 3057 829 3121 iorioribus
852 3057 962 3133 maior,
1004 3056 1036 3121 ui
1059 3055 1186 3120 vicinior
1206 3065 1253 3119 ost
1275 3055 1385 3120 ultimo
1407 3055 1530 3121 brevior
1551 3056 1762 3140 superioribus
1783 3056 1865 3133 ha-a.

664 3143 765 3207 betur.
812 3143 854 3206 ut
882 3141 963 3206 inter
982 3079 1046 3206 las
1073 3141 1167 3226 igitur
1197 3149 1314 3226 septem
1343 3139 1487 3226 sphaeras
1514 3140 1656 3227 gradum'
1672 3141 1865 3208 celeritatisli

662 3249 739 3313 suae
766 3227 893 3311 singulis
919 3228 995 3293 ordo
1021 3227 1183 3310 positionis
1210 3226 1359 3312 ascripsit.
1414 3226 1487 3291 Ideo
1515 3226 1635 3303 stellae,
1672 3247 1752 3312 quaa
1781 3249 1836 3311 per

667 3312 765 3397 spatia
787 3312 948 3396 grandiora
971 3312 1163 3389 discurrunt,
1200 3313 1349 3378 ambitum
1379 3333 1468 3377 suum
1498 3319 1638 3395 tempore
1668 3310 1834 3395 prolixiore

665 3397 842 3473 conficiunt,
863 3418 943 3482 quae
965 3418 1020 3483 per
1041 3408 1179 3483 angusta,
1199 3399 1350 3464 breviore.
1393 3398 1522 3463 Constat
1543 3395 1625 3461 enim
1649 3395 1764 3459 nullam
1788 3397 1833 3461 in-

665 3492 713 3548 ter
733 3504 785 3548 eas
807 3482 936 3548 celerius
959 3484 1067 3549 ceteris
1086 3485 1241 3551 tardiusve
1264 3483 1444 3570 procedere:
1467 3482 1522 3547 sed
1540 3502 1610 3551 cum
1631 3482 1671 3547 sit
1689 3480 1834 3548 omnibus

664 3568 745 3634 idem
769 3568 878 3635 modus
901 3568 1037 3647 meandi,
1075 3578 1192 3636 tantam
1215 3570 1260 3635 eis
1282 3568 1488 3635 diversitatem
1511 3569 1659 3654 temporis
1678 3567 1744 3633 sola
1764 3588 1833 3654 spa·

1453 3756 1536 3819 [Edd.
1557 3754 1762 3825 viculrgapdalr.

661 3840 694 3891 B.
716 3870 750 3878 -
770 3841 916 3893 advenerit
935 3840 966 3892 Β.
1002 3843 1121 3895 evenerit
1143 3842 1164 3893 l.
1319 3846 1344 3894 3.
1379 3843 1510 3894 describit
1529 3840 1574 3891 Cl.
1616 3842 1724 3893 scribit
1742 3842 1774 3891 l).
1797 3869 1831 3880 —-

661 3909 773 3959 circulus
790 3910 915 3961 zodiacus
932 3910 981 3959 RQ.
1019 3912 1144 3961 zodiacus
1156 3916 1230 3970 (om.
1248 3912 1375 3972 circulus)
1393 3909 1423 3962 0.
1447 3922 1485 3950 —·
1503 3912 1580 3962 inter
1596 3909 1665 3960 hanc
1688 3908 1773 3976 v-gG.
1796 3937 1831 3947 --

659 3978 740 4028 intra
762 3977 776 4027 ὁ
798 3984 855 4029 etc
878 3976 1020 4028 Eddd’Gl.
1046 4006 1080 4016 —
1106 3986 1190 4029 cetera
1212 3995 1266 4030 om.
1291 3977 1321 4029 (l.
1490 3980 1514 4028 4.
1551 3978 1699 4028 constitutis
1722 3984 1830 4028 tamea

661 4044 714 4094 Hl.
733 4072 766 4082 -
780 4047 849 4097 notis
867 4047 992 4097 literisve
1011 4044 1041 4093 C.
1056 4074 1090 4082 —
1106 4046 1219 4095 dividat
1237 4046 1258 4094 C
1277 4046 1331 4105 (Rl
1346 4062 1363 4096 a
1377 4062 1433 4096 sec.
1446 4050 1507 4103 ιιι).
1523 4072 1558 4080 -
1575 4043 1608 4092 at
1627 4060 1644 4091 a
1663 4043 1704 4091 ad
1721 4044 1735 4092 d
1753 4048 1799 4103 (aa
1822 4081 1829 4094 .

660 4117 701 4172 et)
725 4113 775 4161 Re.
804 4143 838 4150 -
868 4114 938 4164 notis
961 4112 1103 4175 defluentes
1125 4120 1149 4162 et
1173 4112 1268 4161 litteris
1292 4112 1341 4161 RQ.
1393 4113 1461 4162 notis
1477 4109 1611 4160 etlineis
1631 4109 1772 4172 defluentes
1796 4060 1820 4158 Β

658 4182 770 4231 notis'et
788 4181 872 4230 literis
889 4178 1083 4244 defluentibus
1101 4176 1132 4226 G·
1153 4205 1187 4214 -
1209 4194 1264 4227 esse
1280 4178 1383 4227 dicitnr
1395 4178 1449 4225 ue.
1472 4203 1506 4213 —
1528 4174 1704 4223 constitutum
1722 4174 1774 4223 m.
1794 4202 1829 4211 —

657 4249 772 4313 spatium
790 4248 924 4296 varietas
942 4244 972 4294 C.
996 4272 1030 4280 -
1057 4245 1085 4295 ira
1101 4245 1214 4295 zodiaco
1232 4250 1279 4304 (ex
1295 4260 1381 4306 corr.;
1410 4243 1523 4292 videtur
1539 4239 1628 4289 luisse
1644 4243 1700 4297 am)
1717 4239 1767 4288 ua.
1793 4268 1828 4278 -

659 4315 805 4379 designato
820 4311 896 4361 (3112.
913 4341 947 4349 —-
964 4318 1066 4377 partem
1084 4312 1241 4379 migraverit
1258 4312 1308 4360 ill.
1326 4339 1361 4347 -
1382 4311 1437 4376 qai
1452 4308 1645 4374 superfuerit
1664 4306 1717 4356 HI.
1735 4308 1827 4357 -di-

659 4380 737 4430 citar
756 4378 786 4426 P.
938 4382 963 4427 5.
998 4394 1044 4427 cur
1062 4380 1200 4428 zodiacum
1218 4379 1440 4439 (omerrndem)
1462 4375 1493 4425 G.
1522 4403 1556 4412 —
1584 4375 1656 4425 aliae
1673 4381 1751 4441 temp.
1769 4374 1827 4425 lora-

658 4445 736 4513 giori
754 4444 825 4494 aliae
843 4442 958 4493 breviori
974 4443 1004 4493 F.
1053 4446 1115 4495 alia
1133 4453 1210 4511 temp.
1228 4446 1349 4513 longiore
1364 4446 1425 4495 alia
1443 4445 1558 4496 breviore
1578 4442 1608 4493 C.
1635 4471 1670 4481 -
1702 4443 1827 4509 Quotiens

658 4521 726 4575 (om.
745 4511 823 4573 enim,
842 4526 901 4575 sup.
921 4516 1042 4577 comque)
1062 4511 1091 4562 C.
1122 4542 1156 4551 -
1186 4512 1232 4564 ille
1250 4521 1288 4564 est
1305 4514 1435 4564 maximas
1459 4512 1489 4563 Β.
1514 4519 1550 4549 '-
1577 4512 1623 4579 qai
1633 4513 1738 4628 grimm
1756 4516 1825 4571 (om.

658 4586 711 4641 est)
729 4578 760 4629 Β.
782 4608 816 4616 -
841 4579 978 4629 dimidiis
997 4584 1072 4645 (sup.
1092 4581 1124 4631 dc
1142 4580 1224 4639 med.)
1242 4578 1272 4630 G.
1294 4609 1329 4619 —
1349 4582 1457 4647 propior
1474 4586 1542 4641 (om.
1561 4585 1613 4638 est)
1656 4616 1662 4628 .
1684 4609 1719 4617 -
1740 4580 1825 4630 maiar

658 4657 708 4702 est
726 4646 757 4697 C.
774 4676 809 4684 —
831 4647 941 4697 aiciaior
956 4653 1024 4707 (om.
1042 4651 1093 4706 est)
1111 4646 1142 4697 0.
1160 4676 1195 4684 —
1215 4647 1358 4699 habeatnr
1372 4649 1424 4700 Rl.
1576 4652 1601 4698 6.
1637 4647 1754 4699 darom.
1772 4648 1823 4698 Rl.

656 4746 691 4757 -
715 4724 811 4782 septem
830 4715 956 4783 sphaeras
971 4716 1057 4781 igitur
1071 4714 1103 4765 B.
1130 4741 1164 4752 —·
1189 4716 1329 4768 adscribit
1346 4714 1360 4765 l
1377 4714 1414 4777 (0
1431 4731 1448 4768 a
1463 4732 1488 4781 p.
1506 4719 1566 4775 m).
1592 4742 1625 4753 -
1650 4717 1741 4783 spatia
1758 4717 1824 4766 lori·

656 4786 736 4852 giora
754 4790 829 4850 (sup.
851 4784 893 4834 vel
909 4782 1097 4852 grandiora)
1117 4782 1169 4833 ur.
1187 4810 1221 4821 -
1240 4783 1382 4852 angustia
1400 4784 1445 4835 G,
1469 4784 1648 4851 angustiore
1664 4784 1686 4835 l.
1703 4812 1738 4821 -
1755 4784 1825 4835 iliter

656 4870 702 4903 eas
718 4853 819 4903 arellam
837 4851 871 4902 Β.
889 4880 923 4889 -
944 4859 1041 4903 motas
1058 4851 1166 4902 meandi
1182 4849 1290 4917 cuv-g.
1325 4851 1437 4904 Modica
1456 4868 1498 4917 ep.
1516 4854 1558 4901 91.
1576 4870 1603 4919 ρ.
1620 4854 1679 4902 409.
1698 4850 1825 4902 restituit

655 4937 710 4985 „ex
727 4919 809 4971 libris
831 4920 966 4987 scriptis“
983 4919 1091 4972 modos.
1124 4917 1169 4996 ill.
1188 4936 1212 4970 c.
1232 4923 1272 4985 14,
1289 4920 1303 4987 5
1320 4924 1362 4974 26.
1385 4948 1419 4961 —
1439 4927 1543 4973 tantam
1559 4920 1628 4974 cias
1644 4919 1749 4989 v·gG0
1766 4919 1824 4980 (Ru

688 5114 715 5159 3.
750 5109 823 5160 visas
847 5109 984 5177 adsignet]
1011 5107 1072 5159 Vid.
1097 5112 1154 5160 not.
1176 5109 1212 5160 ad
1285 5109 1350 5160 aulo
1373 5112 1437 5175 post
1459 5108 1505 5176 qai
1523 5109 1635 5161 vicinior
1658 5116 1697 5160 cst
1719 5106 1823 5158 altimo.

656 5193 680 5225 a.
701 5181 740 5240 18,
759 5176 773 5241 ᾗ
792 5180 832 5226 19.
868 5174 998 5228 Ceterum
1021 5176 1159 5245 ct..figur.
1177 5176 1212 5229 11.
1264 5127 1731 5243 ltxspoeta·testamentariae.
1766 5174 1822 5238 Sed

689 5247 714 5292 5.
748 5244 793 5310 qai
810 5244 1030 5298 locamaltimam
1050 5244 1129 5313 unet]
1150 5245 1213 5297 Sci·
1264 5246 1301 5297 ci.
1323 5245 1346 5306 1,
1364 5249 1408 5308 ΞΒ,
1426 5249 1453 5295 d.
1472 5250 1501 5294 ot
1517 5244 1555 5307 ll,
1572 5248 1598 5304 4,
1614 5249 1640 5294 7.

654 5308 723 5363 licat
756 5310 931 5364 extrinsecus
966 5312 1114 5378 spectanti.
1165 5313 1213 5366 Sic
1297 5313 1384 5366 maier
1404 5348 1430 5363 ..
1451 5311 1564 5379 tractor]
1591 5309 1652 5364 Noa
1678 5306 1823 5361 commoda
