5092 6425
1178 882 1375 952 mrarn.
1811 913 1886 956 m,

659 1057 799 1111 oriundar.
837 1054 1000 1109 llncrobiaa
1027 1070 1091 1108 rum
1120 1062 1152 1107 nt
1176 1053 1347 1124 Aegyptium
1377 1054 1448 1109 lacit
1477 1062 1658 1123 quaerentem
1684 1059 1719 1111 de
1741 1059 1780 1112 iis
1803 1062 1887 1114 rebus

659 1160 733 1211 qnae
753 1141 891 1194 Romania
907 1141 1039 1194 omnibns
1055 1144 1230 1206 notaeaint,
1260 1148 1292 1194 ut
1317 1143 1357 1206 (l,
1378 1148 1409 1204 t,
1429 1143 1460 1194 14
1479 1144 1534 1207 aq.)
1558 1142 1593 1194 de
1615 1143 1753 1210 laterna,
1783 1147 1824 1212 (l,
1845 1152 1887 1213 15,

662 1233 675 1281 1
695 1229 768 1295 sqq.)
789 1228 825 1279 de
843 1227 982 1280 Kalendis
998 1226 1086 1280 Nauia
1104 1227 1215 1291 ldibaa,
1235 1226 1371 1296 deniqne,
1389 1234 1421 1280 ut
1435 1227 1636 1296 pbiloroplrum
1651 1230 1796 1298 Cynicum,
1814 1234 1886 1298 (Vll,

657 1305 779 1380 '13‚lt.)
801 1315 837 1366 de
859 1314 980 1365 larunda
1002 1319 1089 1367 reate.
1125 1313 1237 1365 Dicitur
1257 1322 1351 1365 nutem
1372 1312 1556 1393 familiariter
1577 1315 1758 1383 frequentare
1785 1320 1887 1374 solitas

663 1418 726 1456 ease
748 1400 884 1454 Arienum
909 1399 950 1465 (1,
967 1406 997 1461 t,
1019 1400 1082 1464 13.).
1118 1399 1251 1452 Fortasae
1268 1398 1344 1451 idem
1363 1406 1406 1451 est
1425 1405 1508 1465 atque
1534 1401 1614 1466 Orac,
1638 1403 1810 1473 pbilosoplrar
1831 1406 1887 1460 rita

664 1495 744 1555 atprre
761 1487 910 1539 eruditione
923 1486 1091 1553 praecipuae,
1111 1486 1184 1551 apud
1198 1485 1400 1552 Symmachum
1418 1485 1469 1537 lib.
1486 1484 1523 1537 ll.
1537 1491 1642 1552 rep-³9,
1661 1488 1708 1541 ubi
1727 1492 1839 1558 quidem
1858 1493 1886 1556 ip

661 1573 729 1627 aliia
747 1571 960 1640 exemplaribus
977 1588 1028 1637 pro
1051 1570 1104 1622 Ora
1122 1571 1230 1638 legitur
1247 1573 1311 1622 Ere.

731 1677 769 1711 ι.
804 1658 1020 1726 Euangelus,
1038 1656 1085 1708 nbi
1106 1656 1166 1707 eiua
1183 1662 1211 1707 et
1230 1655 1336 1708 llisarii
1354 1655 1500 1708 nuntiatur
1517 1655 1654 1710 adrentus
1672 1658 1707 1725 (l,
1724 1664 1751 1723 t,
1770 1664 1823 1727 1.),
1844 1664 1887 1716 di-

661 1746 737 1799 citnr
754 1746 846 1798 inisse
869 1743 1038 1796 amarulenta
1054 1743 1196 1795 dicacitate
1211 1750 1236 1794 et
1253 1743 1352 1812 lingna
1368 1750 1489 1810 preterca
1504 1744 1635 1811 mordaci,
1652 1762 1752 1813 prom
1769 1756 1795 1801 rt
1812 1767 1887 1803 recrr·

660 1851 709 1886 raa
729 1835 905 1901 offerrerent,
931 1845 998 1895 puae
1020 1829 1077 1879 rinc
1094 1829 1195 1880 delectu
1212 1828 1269 1879 eari
1287 1829 1330 1880 oet
1345 1847 1398 1880 non
1413 1829 1495 1880 amici
1511 1830 1539 1881 irr
1558 1847 1585 1882 re
1603 1834 1703 1898 partiar
1723 1834 1808 1886 vcrlrir
1825 1837 1889 1888 odia

662 1920 987 1986 acrentidarprovocarrt.
1021 1913 1100 1966 Solet
1117 1913 1248 1966 cavillari
1269 1929 1303 1965 err
1320 1930 1391 1980 quae
1412 1913 1500 1966 ceteri
1525 1916 1634 1979 dicunt,
1664 1920 1887 1988 ιι1(1,11,1.),

664 2003 762 2056 abici
784 2002 936 2071 respondet
952 2004 1165 2053 Praetextatasr
1201 2000 1416 2067 Superrtitiorrrnr
1433 2017 1487 2062 nre,
1519 2002 1674 2071 Evangete,
1703 2040 1732 2056 ..
1757 2009 1889 2062 existimer

663 2093 741 2156 oola,
756 2091 810 2142 nini
825 2096 888 2153 eet,
905 2093 934 2139 et
951 2086 978 2152 Ι,
992 2089 1037 2152 24,
1053 2089 1072 2136 Ξ
1087 2103 1162 2153 sqq„
1180 2085 1227 2137 abi
1245 2102 1308 2137 cum
1324 2086 1382 2138 alin
1401 2086 1470 2139 dicit
1492 2093 1551 2139 taur
1573 2087 1659 2140 baeer
1684 2092 1738 2142 niri
1751 2095 1840 2158 farte,
1858 2103 1888 2148 ar

668 2178 769 2229 Graeci
785 2176 873 2228 orinia
885 2190 936 2226 aaa
954 2173 982 2225 ia
996 2172 1141 2224 inmenrsnr
1160 2173 1265 2234 tollant,
1278 2189 1327 2223 nor
1338 2188 1440 2239 propre
1453 2173 1534 2224 etiarn
1544 2182 1638 2240 poetar
1652 2183 1754 2228 nortror
1768 2180 1889 2233 colamur

665 2258 940 2330 philosopharinam
955 2261 1072 2325 apparet
1081 2257 1257 2310 blamobinm
1272 2258 1396 2310 voluisse
1408 2275 1471 2309 eum
1485 2257 1583 2309 baberi
1601 2275 1650 2325 pro
1660 2260 1794 2328 llomano,
1804 2281 1888 2330 qaum

669 2355 767 2400 tamen
794 2363 888 2398 nomeu
908 2345 1014 2396 lrabeat
1031 2341 1181 2395 Graecam.
1217 2341 1404 2409 Quamobrem
1429 2342 1587 2395 roriaimila
1612 2350 1656 2395 est
1679 2348 1715 2399 ad
1737 2342 1891 2416 sinopitem

669 2437 842 2500 spectantem
865 2449 927 2483 enm
953 2430 1007 2481 lroc
1028 2430 1141 2482 nornine
1165 2428 1300 2481 inducere
1325 2427 1467 2481 bominem
1486 2428 1679 2482 Christianum
1698 2449 1767 2485 suae
1784 2435 1890 2487 doetri-

666 2534 723 2570 nae
741 2516 884 2569 inimicam
902 2523 987 2584 atque
1003 2517 1177 2568 illudentem.

735 2603 856 2655 Beatam
872 2602 895 2655 ii
912 2620 927 2655 c
945 2603 1047 2670 quibua
1065 2599 1239 2654 alteralteri
1259 2598 1376 2668 lingitur
1396 2600 1490 2653 amnia
1511 2601 1582 2654 bace
1601 2603 1743 2671 colloquia
1759 2622 1889 2659 narransr

736 2704 764 2741 ιι.
798 2690 1049 2742 Postumianae
1064 2687 1169 2739 dicitur
1184 2687 1225 2751 (l,
1239 2689 1266 2751 2,
1286 2689 1320 2751 §S
1341 2690 1371 2752 l,
1390 2691 1416 2752 ³,
1435 2689 1474 2754 6.)
1493 2689 1601 2741 nullam
1623 2690 1683 2741 iere
1702 2690 1889 2744 intermittere

666 2775 782 2838 lroraur,
800 2775 865 2842 pain
886 2775 1009 2827 clientum
1026 2774 1137 2843 negotia
1152 2773 1195 2824 ael
1210 2773 1340 2839 defendat
1355 2774 1382 2824 in
1404 2777 1466 2838 sora
1482 2775 1524 2826 ael
1543 2775 1615 2827 dorni
1633 2776 1732 2839 diruat,
1754 2784 1784 2830 et
1809 2779 1845 2845 (l,
1862 2781 1889 2843 ἱ,

666 2865 694 2927 d,
712 2860 781 2925 etl,
802 2863 828 2925 6,
841 2860 880 2923 2)
906 2860 1056 2927 respondet
1073 2860 1255 2913 Praetextato
1279 2860 1314 2911 nd
1339 2875 1453 2912 coenam
1476 2875 1539 2910 eam
1560 2859 1710 2913 invitanti:
1732 2865 1890 2929 meditandi,

665 2965 720 2999 non
738 2946 843 3008 edendi,
862 2946 912 2997 ribi
930 2962 986 2999 erre
1001 2953 1112 3014 tempor,
1132 2961 1216 3012 qaam
1234 2946 1269 2996 ob
1291 2961 1350 2996 renr
1368 2945 1508 2997 Earebins
1525 2945 1586 2998 eius
1606 2947 1668 2997 loca
1687 2947 1820 3000 invitatas
1838 2952 1889 3001 eat.

666 3034 822 3086 Praeterea
841 3029 915 3083 nibil
932 3029 967 3083 da
983 3046 1017 3082 eo
1032 3031 1153 3082 relatum
1169 3035 1221 3082 cst.

737 3135 762 3170 o.
798 3116 926 3169 Decius
943 3115 1068 3183 alioquin
1086 3116 1201 3185 ignoras
1217 3115 1336 3182 (lm.)
1354 3114 1459 3181 Albini,
1479 3123 1511 3170 ut
1529 3117 1642 3171 ridetur
1654 3117 1803 3182 Caecinae,
1819 3117 1891 3170 dici·

668 3217 716 3263 tur
734 3204 822 3258 filiun.

737 3296 765 3345 5·
800 3291 992 3344 Transeamus
1010 3288 1045 3340 ad
1065 3288 1159 3357 operia
1178 3288 1390 3342 diviniorem
1409 3288 1443 3340 in
1463 3290 1588 3342 libros.

739 3394 765 3430 a.
799 3376 926 3428 Vidimus
945 3391 1030 3441 arrpra
1052 3374 1080 3441 (ᾗ
1097 3374 1139 3440 2.)
1163 3374 1337 3426 blaerobiam
1356 3374 1449 3441 ipsam
1470 3392 1519 3441 per
1537 3379 1595 3425 tren
1613 3373 1674 3424 dier
1691 3370 1833 3437 colloquia
1850 3370 1892 3425 ita

669 3464 816 3528 divisisse,
833 3466 864 3513 nt
878 3449 943 3513 an'te
958 3476 1071 3512 coenam
1087 3459 1230 3529 graviora,
1248 3463 1313 3526 paat
1327 3474 1442 3510 coenam
1462 3459 1569 3511 teriora
1587 3457 1686 3511 habita
1705 3473 1768 3509 ease
1785 3463 1893 3509 statue-

671 3552 718 3605 rit.
743 3550 868 3616 liiaaque
884 3545 1033 3599 dirisioaia
1045 3545 1170 3614 vestigia
1186 3551 1298 3599 enatant
1313 3544 1341 3596 in
1359 3544 1503 3596 veteribus
1519 3542 1601 3595 libris
1616 3542 1827 3610 manuscriptis
1839 3547 1891 3599 '’l.

670 3637 854 3706 Singulorum
873 3633 980 3685 dierum
1000 3629 1140 3699 colloquia
1163 3647 1261 3683 rnrrna
1280 3631 1308 3683 in
1329 3631 1417 3684 libror
1434 3630 1523 3682 laicae
1541 3631 1576 3682 ab
1594 3630 1656 3695 ipro
1671 3636 1784 3682 auctore
1799 3629 1893 3682 diriau

669 3740 725 3776 narr
745 3719 926 3789 negaverim,
949 3717 1076 3785 quaarria
1095 3724 1172 3768 certa
1189 3717 1251 3769 elna
1269 3718 1312 3770 rei
1330 3735 1383 3770 non
1403 3716 1559 3770 invenerim
1580 3715 1686 3769 indicia
1701 3718 1751 3782 ⁸⁰).
1781 3717 1893 3770 llatnre

669 3806 867 3862 distinctiones
886 3804 913 3856 irr
932 3804 1129 3856 librorlsctra
1146 3820 1222 3869 aare,
1252 3805 1301 3856 sed
1322 3804 1431 3869 rariaa,
1456 3807 1549 3857 elucet
1567 3821 1582 3855 e
1601 3804 1793 3871 compluribus
1816 3804 1893 3856 codi-

670 3895 753 3947 cibaa
773 3893 830 3956 ⁸¹)=
865 3889 967 3942 divisio
988 3888 1017 3941 in
1041 3893 1148 3956 septem
1173 3889 1278 3954 libros,
1306 3906 1379 3955 qaae
1406 3904 1478 3941 nunc
1505 3890 1533 3942 in
1564 3890 1693 3942 omnibus
1721 3890 1893 3943 editionibus

670 3994 1081 4010 W

741 4047 788 4103 ¹⁹)
806 4043 912 4095 Primae
931 4044 987 4095 dier
1006 4045 1240 4094 commemoratur
1258 4040 1287 4093 iu
1303 4040 1371 4093 libri
1386 4042 1407 4092 l.
1426 4040 1566 4109 principio
1586 4040 1614 4091 in
1633 4040 1778 4093 codicibus
1797 4040 1894 4092 ABG?

670 4110 873 4174 aramma,
903 4117 931 4162 et
954 4110 982 4163 in
1003 4110 1069 4162 libri
1089 4111 1125 4161 ll.
1147 4108 1202 4162 lina
1223 4109 1251 4162 in
1272 4109 1352 4161 codd.
1370 4109 1550 4161 annonara
1572 4107 1615 4168 (in
1633 4109 1673 4159 l'6
1689 4109 1797 4174 legitur
1812 4110 1895 4177 priori

671 4183 727 4235 diei
742 4186 767 4231 ct
784 4180 914 4240 secundi).
949 4178 981 4230 ln
998 4179 1065 4230 libri
1083 4178 1134 4229 ΙΙΙ.
1154 4177 1295 4246 principio
1317 4176 1428 4229 codices
1446 4194 1543 4228 omnen
1560 4182 1624 4225 auut
1645 4174 1752 4225 mutili:
1772 4175 1799 4225 in
1819 4177 1894 4227 eius-

670 4251 737 4302 dem
755 4246 822 4299 libri
840 4246 895 4299 liae
912 4252 1147 4298 commemoratur
1164 4248 1295 4297 creandae
1311 4246 1367 4296 dier
1388 4243 1415 4294 irr
1437 4245 1516 4294 codd.
1540 4242 1651 4293 M13P6.
1702 4242 1733 4291 ln
1755 4241 1895 4309 principio

670 4316 741 4380 libri
759 4315 803 4371 lV.
821 4321 933 4373 cadim
950 4332 1047 4369 ornnes
1065 4321 1130 4367 aaut
1145 4314 1249 4367 mutili.
1301 4314 1332 4365 ln
1349 4312 1488 4380 principio
1506 4312 1573 4363 libri
1591 4311 1622 4361 V.
1639 4310 1731 4362 tertiae
1749 4312 1805 4363 dier
1820 4325 1894 4362 com·

673 4390 890 4448 memoratoria
907 4388 1043 4440 notocod.
1062 4386 1116 4446 rm
1141 4385 1190 4436 aed
1209 4384 1239 4436 irr
1260 4382 1328 4435 libri
1345 4381 1404 4433 vlt.
1421 4382 1476 4433 linc
1495 4382 1523 4433 in
1539 4381 1618 4433 codd.
1636 4378 1784 4432 tltmlav.

746 4456 790 4517 ⁸⁰)
806 4457 861 4511 Ubi
881 4456 942 4509 diea
959 4464 987 4507 et
1006 4454 1072 4506 libri
1090 4453 1175 4505 aimul
1194 4456 1464 4511 commemorantur,
1490 4450 1625 4501 librorum
1643 4447 1729 4500 iidem
1748 4446 1896 4499 inveniun-

672 4536 721 4583 tur
737 4526 854 4589 numeri,
870 4525 918 4592 qui
935 4541 1007 4576 nunc
1023 4523 1156 4590 leguntur
1173 4520 1201 4572 in
1218 4518 1400 4571 editionibus.
1435 4519 1552 4574 Praeter
1570 4517 1693 4568 codicem
1711 4515 1760 4574 l'd,
1779 4516 1827 4583 qui
1844 4517 1897 4569 ba·

671 4600 722 4651 bet
742 4593 770 4645 irr
788 4592 845 4645 fine
863 4592 930 4646 libri
948 4592 1000 4643 ll.:
1015 4591 1096 4658 primi
1113 4590 1167 4641 diei
1183 4598 1208 4642 et
1226 4588 1335 4639 eccardi
1349 4588 1414 4637 liber
1431 4587 1466 4635 ll.
1484 4586 1601 4654 explicit,
1626 4584 1652 4636 ia
1672 4583 1727 4634 line
1745 4583 1812 4634 libri
1831 4584 1895 4635 lll·=

672 4664 783 4719 reerrndi
799 4663 853 4714 diei
870 4662 978 4729 explicit
996 4661 1061 4711 liber
1081 4659 1149 4720 lll.,
1184 4663 1213 4708 et
1235 4656 1263 4707 in
1286 4656 1378 4705 irontn
1400 4652 1466 4704 libri
1488 4654 1535 4704 V.:
1561 4655 1625 4705 liber
1647 4655 1677 4703 V.
1694 4653 1809 4704 convivii
1825 4652 1897 4704 tertii

671 4735 741 4795 diei,
761 4731 868 4799 legitur
885 4734 992 4781 tantam
1010 4728 1038 4779 iu
1057 4724 1198 4794 principio
1215 4722 1283 4775 libri
1300 4723 1323 4773 l.
1342 4721 1370 4774 iu
1389 4721 1426 4773 1²2
1442 4722 1525 4789 priori
1541 4723 1595 4774 diei
1610 4722 1677 4773 liber
1694 4722 1731 4784 l.,
1750 4728 1780 4771 et
1794 4719 1823 4771 in
1840 4719 1897 4771 line

670 4801 740 4856 libri
758 4799 796 4850 ll.
814 4797 842 4850 iu
861 4798 919 4849 Ml:
941 4796 1022 4865 primi
1040 4795 1094 4846 diei
1113 4794 1178 4844 iiber
1195 4793 1231 4843 ll.
1250 4792 1367 4857 explicit.

744 4870 790 4927 ³¹)
806 4867 922 4917 Praeter
940 4863 1064 4915 codicem
1084 4862 1135 4918 Pa.
1156 4859 1203 4927 qui
1221 4859 1249 4910 in
1267 4859 1403 4911 librorum
1413 4855 1546 4909 numeris
1566 4854 1706 4908 consentit
1722 4871 1784 4906 cum
1803 4871 1897 4905 exem·

670 4935 803 5005 plnribna
818 4932 895 5000 typis
913 4931 1007 4994 editis,
1025 4930 1099 4982 liber
1116 4928 1173 4979 vll.
1198 4927 1391 4979 tantummodo
1411 4930 1646 4976 commemoratur
1664 4922 1691 4973 iu
1713 4921 1774 4972 cod·
1790 4922 1897 4972 Borbo-

671 5005 731 5058 nici
746 5001 896 5064 ccccm,
921 5000 968 5066 qai
988 5004 1032 5050 eat
1051 4998 1217 5049 chartaceus
1236 5013 1292 5047 sec.
1309 4995 1380 5057 XV.,
1405 4993 1625 5060 subscriptione:
1661 4990 1805 5056 „Explicit
1824 4990 1898 5040 liber

672 5072 812 5140 septimua
830 5067 971 5121 Macrobii
990 5064 1147 5118 'l'lraodasii
1166 5063 1379 5123 conviviorum,
1402 5061 1479 5122 linit,
1508 5062 1557 5112 sod
1575 5077 1628 5112 non
1646 5058 1712 5109 linia
1731 5062 1775 5106 est
1793 5056 1897 5122 operis,

673 5148 704 5194 ut
723 5140 752 5192 ln
771 5142 997 5206 pramptuteata
1020 5150 1136 5185 noscere
1157 5131 1294 5184 volenti.“
1345 5130 1377 5181 ln
1401 5129 1484 5180 libris
1502 5128 1575 5198 l·ly
1597 5142 1693 5178 omner
1713 5122 1839 5188 codices,
1867 5121 1896 5172 in

672 5209 777 5278 quibua
793 5211 979 5264 numerantur
993 5152 1071 5266 iibri,
1087 5205 1245 5268 congruunt
1262 5217 1325 5252 eum
1342 5196 1514 5249 editionibus
1533 5203 1645 5262 praeter
1657 5192 1782 5244 codicem
1802 5190 1833 5248 Ρ,
1849 5185 1898 5253 qul

674 5276 789 5339 (seculo
807 5273 871 5337 xt,
892 5278 925 5325 ut
941 5270 1066 5333 ridetur,
1091 5268 1226 5336 rcriptua)
1245 5267 1333 5318 babet
1349 5266 1378 5317 in
1399 5264 1453 5316 lina
1472 5262 1538 5314 libri
1555 5262 1622 5313 libr
1660 5257 1779 5323 Explicit
1792 5256 1841 5333 lit.
1859 5254 1895 5305 ll.

678 5341 906 5399 Saturnalium·
924 5339 1023 5407 incipit
1040 5338 1134 5392 tertiae
1150 5337 1184 5389 de
1200 5336 1283 5388 luade
1301 5332 1419 5401 Virgilii.
1453 5330 1529 5382 ldem
1549 5328 1578 5379 in
1594 5326 1662 5378 libri
1680 5324 1738 5374 Vll.
1757 5320 1897 5388 prruelpia
