5092 6425
678 894 723 964 58
1165 888 1376 959 MACROBH

679 1074 800 1136 tantm:
825 1070 858 1129 et
877 1063 909 1126 in
934 1060 993 1125 hoo
1014 1059 1081 1125 solo
1103 1079 1170 1124 esse
1192 1058 1280 1125 aiunt
1298 1057 1443 1125 exercitia
1464 1057 1629 1137 virtutum,
1656 1077 1790 1144 quarum
1811 1058 1856 1123 sio

651 1151 781 1221 iofficia
813 1148 999 1232 dispensant.
1057 1144 1244 1210 Prudentiae
1283 1165 1351 1210 esse
1381 1144 1531 1209 mundum
1561 1144 1655 1210 istum
1690 1151 1722 1208 et
1751 1144 1857 1209 omnia

680 1236 815 1326 quaein
838 1232 954 1297 mundo
979 1230 1086 1294 insunt
1111 1228 1287 1295 divinorum
1312 1228 1573 1317 contemplatione
1600 1229 1761 1315 despicere
1788 1250 1855 1294 oin-

612 1346 618 1354 ·
681 1341 814 1407 nemque
836 1318 955 1382 animae
977 1315 1195 1400 cogitationem
1218 1315 1250 1379 in
1272 1316 1337 1381 sola
1363 1314 1467 1382 divina
1488 1313 1637 1399 dirigere:
1678 1322 1855 1400 temperan-

680 1407 742 1474 tiae
759 1404 862 1472 omnia
884 1402 1075 1551 relinquere,
1102 1400 1306 1487 inquantum
1326 1408 1436 1467 natura
1455 1400 1585 1486 potitur,
1611 1420 1693 1486 quae
1713 1399 1855 1486 eorporis

629 1507 760 1575 [tuJusus
787 1487 932 1574 requirit:
983 1484 1160 1551 ortitndinis
1186 1506 1249 1551 non
1275 1485 1385 1551 terreri
1407 1485 1542 1551 animam
1572 1506 1590 1550 a
1615 1505 1745 1584 corpore
1775 1505 1853 1571 quo·
1958 1542 1960 1563 ,

680 1574 845 1644 dommodo
872 1572 968 1638 ductu
994 1569 1208 1656 philosophiae
1233 1571 1443 1647 recedentem,
1477 1591 1535 1636 uec
1562 1569 1762 1637 altitudinem
1784 1591 1855 1656 per·

679 1662 777 1729 iactae
804 1659 842 1725 ad
871 1675 1005 1754 superna
1032 1655 1221 1722 ascensionis
1251 1656 1394 1722 horrere:
1432 1655 1568 1722 iustitiae
1596 1655 1634 1721 ad
1663 1677 1759 1722 unam
1793 1655 1852 1721 sibi

678 1747 772 1815 huius
789 1742 939 1832 propositi
958 1740 1133 1807 consentire
1152 1740 1231 1807 viam
1249 1741 1494 1827 uniuscuiusque
1514 1741 1636 1807 virtutis
1656 1740 1852 1827 obsequium.

679 1839 784 1919 Atque
805 1831 847 1895 ita
868 1828 912 1905 fit,
930 1833 967 1893 ut
986 1826 1155 1892 seeundum
1177 1826 1236 1892 hoo
1256 1835 1321 1893 tam
1343 1826 1458 1912 rigidae
1475 1825 1663 1892 definitionis
1683 1827 1852 1913 abruptum

648 1924 784 1991 5rerum
824 1913 995 1979 ublioarum
1017 1919 1153 1978 rectores
1173 1911 1255 1978 beati
1278 1933 1346 1977 esso
1365 1933 1428 1977 non
1450 1910 1579 1998 possint.
1620 1910 1681 1976 Sed
1706 1911 1851 1977 Plotinus

678 2005 761 2071 inter
780 1937 992 2088 philosophice
1013 1995 1202 2083 professores
1222 2019 1293 2064 eum
1312 1998 1441 2064 Platone
1459 1997 1602 2084 princeps
1625 1996 1705 2062 libro
1724 1996 1764 2062 do
1788 1997 1850 2063 vir·

678 2089 798 2156 tutibus
819 2084 932 2171 gradus
953 2103 1060 2148 earum
1087 2104 1159 2149 vera
1179 2091 1212 2148 et
1233 2082 1367 2149 naturali
1387 2081 1546 2149 divisionis
1567 2080 1687 2147 ratione
1704 2082 1851 2166 conposi-

677 2183 728 2241 tos
742 2191 803 2258 per
824 2170 963 2236 ordinem
985 2167 1105 2253 digerit
1148 2167 1306 2247 Quattuor
1326 2176 1408 2246 suot,
1428 2167 1538 2253 inquit,
1556 2175 1774 2252 quaternarum
1794 2188 1849 2252 ge·

677 2278 753 2325 nera
771 2256 931 2322 virtutum.
972 2254 1021 2319 Ex
1043 2252 1092 2318 his
1113 2253 1231 2339 primae
1253 2253 1395 2340 politicae
1415 2260 1579 2330 vocantur,
1600 2251 1752 2318 secundae
1774 2272 1849 2337 pur·

648 2342 823 2431 hgstoriae,
844 2340 953 2406 tertiae
975 2339 1069 2404 animi
1090 2339 1150 2404 iam
1169 2339 1301 2425 purgati,
1322 2347 1450 2424 quartae
1470 2337 1670 2423 exemplares.
1711 2338 1754 2403 Et
1774 2346 1849 2404 sunt

719 2428 819 2495 titione
839 2424 990 2503 hominis,
1015 2424 1088 2510 quia
1108 2424 1219 2489 sociale
1240 2424 1354 2490 animai
1374 2432 1431 2489 est
1472 2422 1529 2489 His
1551 2422 1624 2488 boni
1644 2420 1702 2489 riri
1723 2421 1770 2486 rei
1791 2441 1848 2507 pu·

677 2451 776 2579 hiieue
796 2509 974 2584 consulunt,
994 2509 1088 2574 urbes
1110 2515 1251 2574 tuentur:
1278 2508 1326 2573 his
1349 2516 1492 2595 parentes
1513 2514 1713 2585 venerantur,
1733 2506 1848 2572 liberos

677 2602 795 2672 amant,
831 2592 988 2681 proximos
1016 2592 1162 2676 diligunt:
1201 2592 1250 2658 his
1272 2593 1386 2659 oiiinm
1408 2594 1540 2661 salutem
1565 2593 1753 2678 guhemant:
1797 2591 1846 2657 his

676 2679 776 2748 socios
797 2677 1018 2827 cirelilimspecta
1038 2676 1231 2763 providentia
1252 2686 1437 2765 protegunt,
1476 2679 1558 2746 iustu
1584 2677 1768 2745 hheraiitate
1794 2676 1846 2744 de·

676 2763 830 2833 vinciunt:
878 2762 966 2846 isque

762 2885 802 2898 -
824 2848 876 2914 sui
899 2866 1041 2912 munuca
1065 2845 1140 2912 alios
1158 2846 1256 2932 secere
1275 2847 1424 2914 mneside

741 2982 813 3036 Mis.
832 2977 1100 3042 assertionum]

674 3066 747 3121 coni.
764 3067 850 3119 Zeno.
866 3093 900 3105 -
917 3072 943 3118 et
959 3065 1007 3117 hoc
1023 3071 1094 3126 (aiu.
1110 3065 1153 3128 in)
1172 3065 1226 3118 111.
1242 3093 1279 3109 -·
1293 3065 1370 3121 aiunt
1384 3054 1512 3120 esoeeitio
1526 3083 1582 3120 esse
1599 3067 1725 3122 virtutes
1739 3067 1793 3120 Bt.
1809 3094 1845 3108 -

673 3155 689 3190 o
697 3136 766 3204 ficia
782 3136 820 3188 sie
842 3132 1052 3187 prunarum.
1202 3136 1228 3185 4.
1263 3135 1344 3187 istoru
1365 3152 1420 3187 om.
1441 3134 1512 3186 un.
1533 3163 1567 3174 -
1589 3136 1618 3188 s'rs
1638 3137 1736 3188 orando
1753 3137 1845 3190 isson

698 3203 829 3258 ΜΗΘ.
861 3203 960 3255 mundo
977 3202 1068 3254 insum
1084 3205 1154 3262 (om.
1169 3200 1212 3263 irs)
1231 3200 1390 3256 FSMBn.
1424 3203 1453 3255 iss
1470 3204 1568 3256 mdo
1585 3212 1647 3258 sinit
1662 3204 1715 3257 Rl.
1735 3231 1763 3243 -
1781 3223 1845 3257 cori·

673 3273 868 3343 temptationem
886 3270 920 3323 G.
942 3298 978 3309 —
997 3270 1152 3338 disspiccrc
1169 3271 1222 3321 Ha
1242 3298 1277 3309 -
1301 3289 1363 3324 son
1380 3270 1549 3323 altitudinem
1568 3271 1641 3324 Bais.
1659 3298 1695 3312 -
1713 3274 1845 3341 propositi

673 3341 752 3425 liuius
768 3339 800 3422 Υ.
820 3340 913 3424 ‘licius
929 3339 1089 3419 praepositi
1108 3354 1135 3391 r.
1153 3365 1187 3419 .''
1205 3338 1313 3421 virtutis
1331 3340 1488 3457 οίιζίοἰιιπι
1506 3338 1578 3391 uss.
1595 3365 1629 3378 —
1651 3340 1843 3422 11ιάσίίῇκὸ-

671 3407 948 3531 ‘attttt‘tttit
962 3414 1114 3526 detti
1129 3405 1793 3541 ttidtttttdtiiff.tthttittttt?
1809 3407 1843 3459 ¹³·

776 3546 802 3593 t.
838 3543 884 3594 sed
898 3543 1033 3610 protinus
1050 3541 1102 3591 iii.
1118 3568 1154 3579 -
1171 3540 1240 3593 inter
1250 3541 1416 3611 philosophie
1433 3543 1473 3604 (ie
1486 3559 1548 3609 sup.
1564 3559 1620 3595 riis.
1635 3544 1740 3601 adcor.)
1755 3544 1842 3595 cius-

619 3661 621 3665 ,
694 3626 733 3662 ise
752 3611 913 3677 professores
931 3608 984 3660 ua.
1007 3634 1034 3646 -
1094 3623 1231 3659 oeessorcs
1251 3609 1303 3660 iti.
1321 3635 1357 3649 -
1378 3610 1471 3663 utros
1494 3609 1528 3661 Β.
1562 3612 1597 3662 irs
1621 3611 1688 3661 iitro
1711 3608 1841 3663 Baalim

697 3693 745 3727 sii.
762 3702 797 3714 -
819 3692 910 3726 euroni
925 3675 1031 3743 gradus
1125 3675 1287 3743 -degerit
1308 3675 1343 3728 G.
1493 3680 1521 3727 6.
1555 3679 1619 3746 qsiio
1642 3676 1841 3746 Mosa-gh'hs.

670 3743 743 3797 Bsii.
777 3742 824 3809 qui
848 3742 903 3791 112
937 3756 991 3808 qua
1006 3756 1053 3793 Μ
1069 3740 1105 3801 (h
1121 3738 1150 3790 in
1169 3746 1250 3811 mg.)
1265 3768 1301 3783 -
1324 3742 1465 3811 sortesque
1481 3745 1534 3796 iti.
1557 3772 1586 3784 -
1610 3746 1731 3815 diligunt
1744 3747 1841 3814 prosi-

703 3858 731 3908 Ι.
770 3860 898 3920 quontmn
926 3852 1033 3905 uiuendi
1054 3853 1231 3921 perspicuitas
1281 3856 1362 3908 uoci.
1389 3858 1415 3909 4.
1443 3859 1472 3911 irs
1496 3860 1638 3912 rsooissioio
1658 3859 1717 3925 fati
1738 3868 1842 3915 namus

666 3921 799 3993 pssum]
822 3918 945 3972 Zenniuo
968 3920 1157 3986 reponendum
1179 3938 1231 3989 pn·
1280 3924 1434 3991 abrupto,
1469 3926 1548 3979 Daci.
1571 3931 1597 3979 6.
1622 3928 1651 3979 irs
1673 3928 1841 3983 tristissimae

671 3989 743 4045 tavit
760 3990 880 4041 uidendi
893 3989 1086 4072 perspicuitas,
1113 4004 1184 4055 quac
1202 3988 1230 4042 ei
1278 3993 1444 4046 necessitatis
1461 3996 1565 4062 positas
1581 3996 1731 4065 obrupto.

669 4075 733 4112 esso
747 4057 859 4111 videtui·
876 4056 1082 4123 „riiumpienti
1096 4072 1230 4109 concessa
1312 4077 1400 4113 reruoi
1429 4062 1596 4129 publicorum
1626 4072 1739 4116 rectores
1769 4065 1840 4118 scon

668 4126 806 4192 saunitas,
842 4141 913 4194 qnae
942 4124 1094 4177 homanum
1120 4123 1230 4178 inteili-
1278 4144 1335 4182 esse
1349 4146 1403 4180 son
1417 4128 1533 4202 possint]
1565 4125 1653 4196 ,JArso
1673 4131 1771 4197 φιλοσο
1795 4130 1840 4191 iae

667 4194 794 4263 gentium
812 4211 865 4247 non
883 4198 1032 4262 superant,
1064 4190 1182 4275 indagat
1200 4197 1230 4246 ct
1277 4193 1326 4248 nui
1344 4196 1396 4248 nori
1418 4202 1503 4263 nogat
1524 4196 1657 4249 Socrates
1677 4198 1752 4266 apud
1772 4149 1840 4251 gh.

668 4262 828 4333 muniuit,
855 4269 884 4313 ot
901 4262 969 4314 huic
987 4260 1143 4330 cognitioni
1162 4278 1229 4313 con·
1278 4268 1371 4315 torrem
1388 4262 1418 4315 iii
1435 4264 1586 4316 Phaedone
1606 4268 1647 4316 ³1.
1670 4281 1838 4332 quemqnam

666 4331 814 4384 veniuntur
836 4330 936 4383 vivit.“
976 4329 1013 4381 At
1034 4329 1143 4380 uidendi
1164 4346 1227 4395 pcr-
1278 4330 1350 4382 ootio
1367 4345 1385 4382 a
1402 4329 1480 4383 vitiis
1498 4330 1625 4395 corporis
1642 4334 1775 4399 purgaris
1809 4338 1839 4387 ct

666 4399 795 4465 opicaitos
813 4395 909 4447 innota
928 4410 990 4445 caui
1013 4396 1100 4449 rocho
1117 4397 1227 4448 imitari·
1278 4397 1303 4449 si
1322 4397 1367 4448 sci
1387 4398 1508 4449 maxime
1530 4396 1560 4462 ἐξ
1577 4395 1663 4459 ἔθους
1681 4407 1709 4451 ot
1726 4395 1839 4467 μελέτης

665 4471 711 4517 tor
731 4462 805 4515 mihi
821 4477 876 4511 nou
898 4460 969 4514 satis
993 4461 1096 4527 placet.
1131 4463 1228 4529 Eriphi·
1279 4472 1465 4530 consequatur
1498 4465 1714 4531 temperantiam
1753 4476 1837 4534 atqno

667 4529 789 4583 caverim
814 4527 909 4594 potius
928 4528 957 4580 id
980 4528 1053 4595 qnod
1079 4529 1167 4596 vulgo
1186 4531 1228 4581 ic·
1277 4530 1431 4596 iustitiam,
1450 4549 1532 4599 qnam
1550 4530 1700 4601 δημοτικὴν
1717 4539 1746 4586 et
1762 4536 1837 4586 noii-

666 4595 758 4665 gison
780 4602 935 4661 „qnantum
954 4594 983 4647 iii
999 4596 1066 4658 ritu,
1084 4612 1157 4663 qnae
1174 4598 1226 4649 suh
1276 4593 1353 4667 τικὴν
1370 4592 1472 4666 ἀρετὴν
1489 4607 1584 4664 rocat3
1608 4618 1663 4652 iioii
1683 4608 1776 4653 tumen
1793 4608 1837 4654 ts-

666 4662 764 4716 ocuios
785 4655 882 4728 cadat,
913 4661 977 4715 fieri
998 4664 1126 4730 potest,“
1160 4664 1225 4717 dnm
1277 4667 1319 4718 les
1353 4665 1487 4734 politicos
1525 4668 1655 4720 homines
1688 4670 1836 4736 pervenire

666 4727 734 4796 quid
750 4730 853 4783 meiius
870 4731 1039 4797 proferatur.
1072 4730 1181 4798 Genii
1200 4735 1225 4785 4.
1275 4739 1339 4801 post
1356 4741 1474 4787 mortem
1491 4734 1618 4803 corporis
1635 4736 1669 4788 ud
1686 4739 1769 4789 cedes
1786 4739 1836 4789 hc·

665 4798 696 4849 irs
725 4803 855 4863 qisanturis
879 4805 978 4849 nutura
1001 4797 1122 4865 patitur,
1156 4816 1226 4866 quac
1275 4808 1399 4866 atornin,
1420 4803 1456 4854 ad
1475 4818 1544 4869 qnos
1563 4820 1617 4855 nou
1635 4804 1691 4855 nisi
1707 4805 1835 4871 philoso-

727 4863 782 4916 oris
801 4879 865 4915 usus
886 4863 1005 4929 requirit.
1274 4868 1331 4934 pho
1352 4884 1369 4921 a
1388 4871 1514 4936 corporis
1537 4871 1706 4939 contagione
1729 4873 1833 4925 dudum

717 4968 723 4982 .
761 4932 798 4982 ad
815 4948 896 4983 unam
914 4964 955 5010 ..3
973 4928 1131 5011 obsequium]
1159 4931 1225 4983 Iuii·
1273 4936 1396 4988 liberato
1413 4944 1442 4987 ot
1465 4946 1585 5005 purgato
1606 4939 1702 4991 aditus
1723 4947 1833 5008 pateat;

664 5012 731 5066 gns
755 4997 792 5049 ad
808 5014 890 5051 unani
908 4997 986 5048 husus
1000 5004 1130 5063 propositi
1148 4997 1182 5058 (i.
1200 5015 1225 5051 c.
1273 5004 1322 5054 ssd
1338 5004 1440 5055 iterum
1458 5005 1569 5057 detrudi
1584 5007 1619 5057 od
1638 5024 1728 5074 genno
1745 5009 1833 5076 qnod-

663 5063 807 5133 poriootae
833 5065 868 5117 ad
890 5078 1014 5129 superna
1035 5063 1224 5143 amonitoris)
1272 5070 1337 5123 dam
1355 5070 1503 5136 politicum
1523 5079 1755 5139 emarcueram,
1773 5077 1833 5127 rei-

661 5132 736 5186 oim
766 5132 818 5186 sibi
849 5132 993 5185 consentire
1018 5132 1224 5200 uniuscuiusque
1271 5136 1314 5189 uti
1332 5153 1430 5204 upum,
1451 5139 1650 5203 formicarum,
1672 5150 1722 5194 aut
1740 5143 1834 5195 homi-

662 5199 769 5255 onnus
787 5201 946 5269 obsequium.
1147 5263 1156 5280 ο
1270 5221 1354 5270 nuni,
1385 5204 1432 5257 ahi
1448 5222 1482 5258 ox
1501 5207 1563 5263 iilis
1581 5208 1624 5263 ita
1640 5209 1712 5267 fiant
1733 5206 1832 5279 ἄνδρες

696 5267 847 5342 sompno]
870 5269 957 5333 Gran,
974 5265 1084 5324 conicit
1101 5264 1222 5337 Quintil.
1270 5266 1402 5342 picotus!
1420 5272 1505 5330 Zona.

1949 773 1958 949 i

1956 960 1960 1045 1

1959 1216 1961 1223 t

1959 1232 1961 1239 t

1975 5128 1978 5260 t

1978 5385 1987 5498 t
