5092 6425
710 872 786 975 204¹
1194 864 1401 934 Macuottu

658 1051 849 1129 [tsatmotum
873 1038 1035 1105 ministret
1077 1035 1138 1103 Sed
1160 1037 1233 1123 quia
1255 1043 1376 1103 constat
1396 1043 1515 1104 motum
1537 1037 1658 1124 corpori
1683 1059 1751 1103 non
1778 1037 1889 1118 inesse,

708 1129 734 1193 si
762 1149 818 1193 uec
845 1126 965 1192 animae
997 1125 1093 1200 inest,
1130 1144 1169 1187 ex
1194 1122 1314 1189 duabus
1339 1124 1431 1189 rebus
1459 1131 1545 1189 motu
1571 1125 1754 1190 carentibus
1785 1127 1890 1191 nullus

709 1223 811 1279 motus
833 1211 979 1277 efficitur:
1016 1209 1096 1274 sicut
1117 1230 1174 1273 nec
1196 1229 1234 1274 ex
1256 1209 1376 1276 duabus
1396 1207 1536 1275 dulcibus
1562 1210 1739 1276 amaritudo
1769 1232 1832 1276 nee
1853 1233 1888 1277 or

707 1298 826 1365 duabus
854 1296 966 1362 amaris
993 1293 1123 1361 dulcedo
1149 1294 1322 1379 proveniet,
1362 1315 1419 1359 nec
1445 1315 1484 1359 ex
1506 1295 1628 1381 gemino
1657 1296 1779 1394 frigore
1805 1298 1888 1363 calor

707 1394 761 1450 aut
781 1383 876 1469 frigus
897 1404 933 1448 er
954 1381 1077 1467 gemino
1097 1379 1198 1444 calore
1219 1389 1377 1445 nascetur:
1405 1381 1506 1444 omnis
1524 1381 1606 1446 enim
1629 1382 1767 1466 qualitas
1790 1385 1887 1468 gemi-

706 1479 777 1535 nata
798 1470 922 1545 crescit,
950 1486 1118 1615 numquam
1140 1486 1178 1529 ex
1200 1464 1362 1549 duplicatis
1383 1465 1534 1532 similibus
1554 1466 1760 1532 contrarietas
1785 1488 1885 1535 emcr-

707 1556 764 1642 git:
792 1576 865 1640 ergo
887 1575 944 1619 nec
962 1573 1000 1617 ox
1042 1551 1140 1617 unbus
1162 1551 1361 1616 inmobilibus
1379 1559 1482 1615 motus
1500 1552 1570 1616 erit:
1600 1552 1763 1617 bominem
1790 1554 1884 1639 igitur

655 1641 693 1708 dl
728 1642 871 1707 ermixtio
894 1661 955 1704 non
975 1636 1119 1702 movebit.
1162 1637 1242 1701 llinc
1262 1637 1507 1721 inexpugnabilis
1529 1637 1724 1724 syllogismus
1745 1659 1788 1703 ex
1812 1661 1882 1706 con-

706 1664 855 1792 dessarum
889 1744 993 1789 rerum
1029 1720 1223 1786 indubitabili
1264 1722 1333 1788 luce
1363 1722 1531 1807 colligitur:
1573 1724 1697 1788 Animal
1727 1737 1881 1792 mandra:

705 1824 816 1877 motum
844 1821 942 1875 autem
976 1807 1105 1873 ant'malt'
1135 1820 1189 1872 aut
1221 1810 1325 1873 ans'ma
1356 1820 1488 1894 praesim
1521 1820 1575 1873 aut
1607 1830 1719 1908 coeptu
1751 1822 1812 1875 aut
1845 1835 1881 1876 ea

704 1909 829 1984 utroque
863 1896 1045 1982 permsmio:
1084 1894 1135 1959 ssd
1171 1917 1265 1981 neque
1300 1916 1409 1980 corpus
1441 1914 1535 1980 nsque
1563 1897 1729 1981 permixtio
1767 1909 1880 1962 metten

654 1982 850 2083 dipsaestat:
879 1983 974 2066 ipatus
999 1980 1103 2044 anima
1124 1992 1235 2044 neotum
1256 1991 1399 2067 promat.
1451 1980 1499 2044 Ex
1520 1979 1568 2043 his
1593 1989 1721 2067 apparet
1740 1983 1879 2047 animam

704 2068 827 2134 mitium
849 2074 952 2132 motus
973 2084 1056 2130 esse:
1094 2065 1215 2131 initium
1239 2075 1341 2131 autem
1365 2072 1466 2130 motus
1488 2072 1633 2132 tractatus
1655 2068 1805 2166 superior
1827 2069 1878 2134 do

704 2155 768 2220 cuit
788 2175 844 2241 per
864 2174 897 2218 se
917 2151 1049 2217 moveri:
1090 2151 1223 2216 animam
1246 2173 1319 2237 ergo
1342 2146 1557 2233 αὐτοκίνητον
1577 2173 1662 2230 esse,
1696 2152 1729 2218 td
1749 2162 1803 2220 est
1825 2174 1878 2242 per

704 2239 887 2318 semoveri,
909 2238 993 2304 nulla
1015 2236 1165 2303 dubitatio
1187 2245 1244 2302 est.

788 2320 872 2391 xvt.
914 2324 971 2390 Hic
994 2323 1046 2388 ille
1073 2343 1180 2389 rursus
1204 2322 1384 2408 obloquitur
1411 2331 1443 2388 et
1468 2322 1526 2387 alia
1551 2322 1588 2388 de
1615 2322 1712 2389 initiis
1735 2320 1876 2409 disputa·

703 2411 788 2476 tione
806 2410 956 2496 coniligit:
989 2408 1097 2474 eadem
1118 2409 1201 2473 enim
1222 2408 1271 2473 hic
1298 2407 1444 2473 solvendo
1468 2417 1643 2494 repetemus
1671 2428 1754 2494 quae
1780 2431 1876 2496 supra

704 2498 736 2560 in
755 2497 895 2561 ordinem
915 2495 1035 2559 obiecta
1055 2494 1245 2578 digessimus.
1287 2495 1355 2560 Non
1370 2507 1506 2580 possunt,
1526 2495 1636 2581 inquit,
1654 2495 1759 2560 ecdem
1778 2497 1878 2561 endiis

702 2583 767 2646 sut's
788 2604 847 2645 esse
868 2601 944 2667 quae
961 2579 1033 2642 ande
1051 2591 1232 2655 nascuntur,
1258 2590 1287 2642 et
1304 2579 1370 2642 ideo
1391 2581 1538 2657 animm,
1624 2604 1640 2644 e
1665 2581 1793 2645 ebolium
1814 2604 1875 2647 mo·

652 2677 771 2749 [rootless
796 2677 850 2741 est,
872 2686 934 2729 non
952 2665 1078 2738 monui,
1099 2685 1138 2728 ne
1161 2664 1239 2728 idem
1258 2665 1299 2728 sit
1316 2665 1437 2729 insitum
1458 2677 1486 2730 et
1504 2689 1561 2753 quo
1603 2667 1750 2731 deiectio
1773 2669 1874 2732 nasci-

672 2748 768 2827 2tur,
794 2751 828 2814 id
848 2761 889 2814 est
906 2772 945 2813 ne
964 2759 1059 2812 motus
1081 2771 1120 2813 ea
1142 2761 1224 2814 motu
1241 2751 1421 2835 processisse
1439 2751 1585 2816 vedeatur.
1629 2750 1677 2817 Ad
1700 2750 1778 2817 haec
1802 2753 1875 2818 faci·

702 2835 741 2900 lis
759 2842 791 2900 et
812 2834 951 2900 absoluta
973 2833 1132 2917 responsio
1154 2842 1216 2912 est,
1244 2833 1332 2919 quia,
1358 2841 1394 2899 ut
1415 2836 1564 2935 principia
1585 2844 1616 2901 et
1633 2836 1708 2901 baec
1730 2859 1815 2922 quae
1837 2839 1875 2904 dc

702 2920 860 3007 principiis
886 2918 1040 3007 prodeunt
1066 2920 1098 2984 in
1124 2919 1227 3005 aliquo
1252 2940 1483 3006 nonnumquam
1513 2933 1594 2987 inter
1619 2943 1652 2986 se
1675 2922 1803 2989 differre
1831 2924 1875 2988 ia·

701 3015 837 3085 memor,
866 3026 1035 3091 numquam
1057 3013 1161 3071 tamen
1184 3006 1227 3071 ita
1249 3005 1307 3070 sibi
1331 3014 1459 3090 possunt
1480 3028 1548 3072 esse
1570 3008 1737 3086 contraria,
1759 3017 1798 3075 ut
1820 3010 1875 3076 ad·

672 3090 788 3158 dvorsa
811 3091 868 3158 sibi
890 3101 963 3159 sunt
982 3099 1063 3157 stare
1081 3099 1114 3157 et
1133 3091 1258 3158 moveri.
1300 3091 1380 3158 Nom
1401 3093 1426 3156 si
1448 3092 1508 3157 albi
1528 3092 1649 3158 initium
1674 3094 1799 3178 nigrum
1819 3117 1874 3161 ro·

700 3188 837 3259 caretur,
858 3185 890 3246 et
907 3178 1021 3245 siecum
1043 3185 1124 3246 esset
1141 3176 1281 3246 humoris
1303 3178 1480 3256 exordium,
1505 3177 1622 3246 bonum
1644 3179 1681 3246 de
1704 3181 1804 3260 malo,
1834 3203 1874 3248 ex

767 3352 837 3403 blas.
858 3350 1062 3415 uestitum]

698 3433 862 3488 ministrent
879 3436 991 3489 Bthv.
1013 3465 1047 3475 -
1063 3443 1160 3489 rnatum
1177 3442 1279 3489 emetat
1296 3434 1329 3487 G.
1349 3462 1383 3472 -·
1398 3451 1451 3486 non
1469 3450 1532 3487 esse
1548 3433 1631 3486 Bru.
1650 3461 1677 3474 -
1701 3436 1726 3487 si
1741 3453 1791 3488 nec
1808 3438 1872 3488 ani·

699 3518 748 3553 rna
764 3505 832 3556 inest
849 3503 901 3554 tta.
936 3507 992 3557 sine
1009 3505 1099 3556 animi
1113 3504 1145 3555 oi
1164 3503 1200 3555 cb
1220 3504 1248 3555 in
1266 3520 1322 3571 mg.
1344 3528 1377 3540 -
1398 3504 1466 3554 eninr
1485 3518 1540 3553 orn.
1557 3501 1633 3563 (odd.
1653 3508 1717 3569 post
1733 3505 1872 3573 qualitas)

699 3568 751 3619 Rl.
774 3597 809 3608 -
829 3571 968 3639 geminata
984 3574 1101 3640 qualitas
1119 3571 1175 3623 s-b.
1328 3573 1372 3620 ³1.
1408 3587 1595 3622 concessarum
1617 3570 1671 3622 111.
1825 3575 1871 3625 32

697 3644 829 3690 tractatus
847 3639 975 3704 superior]
995 3656 1019 3689 c.
1039 3642 1085 3701 11,
1104 3639 1117 3704 9
1136 3643 1177 3689 le.
1192 3668 1226 3677 —
1242 3638 1338 3690 anima
1353 3654 1418 3705 ergo
1435 3638 1468 3688 B.
1486 3668 1520 3677 -
1539 3644 1577 3689 est
1594 3638 1726 3690 dubitatio
1744 3638 1798 3690 Rs

766 3701 835 3753 XVI.
873 3704 955 3767 Quane
972 3707 1000 3757 in
1017 3708 1122 3758 madunt
1144 3707 1262 3773 reliquae
1281 3707 1430 3757 Aristotelis
1446 3706 1601 3758 abiectiones
1621 3724 1639 3757 a
1660 3707 1809 3758 Platonicis
1826 3725 1871 3760 re-

695 3770 834 3836 fellantur.
861 3770 940 3821 cb-b.
1093 3776 1117 3822 1.
1153 3774 1204 3823 llic
1222 3778 1296 3838 (sup.
1313 3774 1376 3824 odd.
1393 3777 1425 3833 n]
1445 3774 1495 3823 111.
1525 3803 1560 3811 -
1584 3775 1682 3827 atalia
1700 3776 1732 3825 de
1747 3792 1871 3843 propn-

697 3837 775 3889 sitis
793 3837 972 3903 disputatione
994 3837 1025 3887 Ρ.
1078 3840 1111 3889 in
1127 3840 1222 3890 aliane
1241 3842 1275 3892 sle
1290 3841 1375 3892 initiis
1392 3841 1606 3908 disputationem
1630 3844 1768 3905 „membn
1792 3844 1870 3909 opti-

698 3906 763 3955 ma“
788 3904 875 3956 Genu.
928 3906 960 3958 in
982 3906 1076 3956 aliam
1099 3908 1132 3957 de
1156 3907 1241 3959 initiis
1267 3908 1456 3973 stipationem
1481 3910 1616 3969 „mernltn
1642 3910 1755 3962 mediu“
1779 3911 1869 3964 Grau.

697 3972 776 4035 (bt).
809 3971 927 4039 „beatio
946 3975 1078 4042 vulgata,
1107 3990 1178 4040 quae
1196 3976 1371 4026 commodum
1393 3974 1482 4026 elficit
1505 3994 1632 4043 sensum,
1659 3978 1793 4030 tentanda
1811 3996 1868 4032 non

697 4045 771 4093 est.⁸‘
794 4042 881 4094 zeon.
902 4074 937 4082 -
960 4044 1063 4095 Eadem
1080 4043 1149 4094 enirn
1224 4043 1251 4108 (d
1271 4047 1326 4104 lo.)
1345 4050 1384 4095 est
1401 4046 1562 4112 quaestionis
1582 4063 1635 4097 om.
1653 4046 1675 4097 1.
1697 4075 1730 4084 -
1758 4048 1869 4117 colligit

697 4109 790 4176 „0x.“
807 4140 842 4150 -
857 4112 948 4165 eadent
968 4128 1048 4180 ergo
1066 4110 1100 4161 B.
1117 4139 1151 4150 -
1168 4112 1317 4180 repetimus
1335 4111 1392 4162 c-b.
1413 4140 1439 4149 -
1460 4114 1552 4179 supra]
1572 4131 1595 4164 c.
1615 4116 1655 4175 11,
1672 4114 1686 4179 5
1704 4117 1738 4165 24
1755 4131 1817 4180 sqq.
1833 4143 1868 4155 —

696 4180 725 4232 in
740 4181 840 4232 ordine
858 4180 910 4233 Rl.
927 4209 961 4219 -
982 4183 1041 4233 Non
1056 4180 1175 4247 possunt]
1199 4179 1242 4231 ct.
1262 4198 1286 4232 a.
1304 4183 1344 4242 14,
1366 4182 1438 4247 121.
1455 4209 1489 4218 -
1506 4190 1662 4233 nascantur
1681 4182 1731 4232 Rl.
1750 4208 1786 4222 -·
1804 4184 1868 4234 ani-

696 4264 746 4300 nta
766 4265 792 4301 v.
822 4273 857 4287 -·
884 4266 918 4300 ne
939 4267 1000 4316 sup.
1017 4249 1081 4299 odd.
1105 4248 1157 4298 tta.
1326 4252 1352 4299 2.
1382 4249 1477 4314 facilis
1494 4257 1532 4300 est
1549 4257 1574 4300 ct
1591 4251 1713 4301 absoluta
1730 4252 1868 4316 responsio

695 4318 850 4368 nascitur
872 4316 906 4368 G.
930 4344 963 4354 -
995 4317 1058 4382 quia
1076 4323 1134 4368 aut
1155 4314 1209 4366 Ha.
1229 4343 1265 4353 -
1287 4324 1397 4384 possunt
1414 4317 1464 4367 sibi
1488 4316 1566 4366 s-bP.
1590 4345 1624 4356 -
1651 4325 1713 4370 sunt
1731 4318 1781 4368 sibi
1802 4318 1865 4369 v-lt.

696 4384 760 4435 sint
777 4384 827 4434 sibi
847 4398 875 4449 g.
919 4384 968 4433 sibi
986 4384 1046 4433 sint
1070 4380 1102 4433 B.
1270 4386 1296 4433 8.
1334 4384 1404 4435 Nam
1421 4385 1464 4434 sic
1486 4383 1531 4435 Bs
1550 4383 1612 4445 (FO
1632 4400 1711 4438 eraso
1728 4402 1757 4445 c‚·
1781 4385 1867 4439 ttae

696 4450 760 4503 odd.
778 4465 795 4501 a
811 4464 866 4500 sec.
880 4454 931 4509 m.)
947 4449 1019 4500 Bau.
1035 4476 1067 4486 -
1085 4451 1161 4519 nigri
1178 4449 1207 4501 b.
1222 4478 1256 4488 -
1269 4452 1385 4503 bunaria
1400 4458 1466 4504 esset
1479 4452 1532 4502 lta.
1568 4469 1633 4504 esse
1649 4454 1764 4506 humoris
1779 4452 1813 4505 F.
1834 4484 1865 4493 -

730 4598 801 4663 11111,
818 4602 842 4650 1.
877 4599 932 4669 ille]
950 4598 968 4652 i.
989 4617 1013 4651 e.
1032 4598 1208 4655 Aristoteles.
1305 4619 1454 4671 sponsant
1493 4604 1679 4657 absolutum
1719 4611 1743 4658 et
1783 4607 1867 4659 unius

729 4667 787 4718 alia
808 4702 832 4717 ..
855 4669 1033 4736 disputatione
1056 4670 1187 4739 confligit]
1211 4669 1255 4721 Cl.
1304 4672 1376 4723 nandi
1391 4675 1565 4738 perferentes,
1599 4680 1627 4725 et
1645 4672 1780 4725 Scaevola
1797 4674 1865 4743 Dig.

696 4733 755 4784 cto.
778 4751 806 4799 p·
832 4734 913 4787 Caes.
936 4742 966 4800 3,
992 4741 1018 4787 8.
1047 4739 1162 4791 Potuisti
1185 4740 1254 4790 enirn
1305 4739 1530 4805 xxxltt‚1‚ra.
1552 4743 1694 4808 Respondi,
1712 4759 1765 4792 non
1783 4758 1867 4809 posse

696 4801 824 4854 leuiore
841 4805 970 4855 actione
986 4807 1185 4873 confligere.
1305 4809 1456 4860 absolute
1472 4810 1681 4876 responderi,
1704 4826 1761 4860 curn
1777 4811 1865 4862 inulta

730 4868 1016 4921 idcaanimarn..non
1028 4871 1255 4938 moam]Trans·
1305 4876 1370 4928 oriri
1394 4876 1510 4943 possint,
1537 4894 1612 4943 quae
1636 4893 1687 4945 pro
1717 4878 1782 4929 bono
1809 4879 1865 4931 sint

694 4935 753 4988 itur
766 4938 801 4989 ab
819 4938 945 4989 oratione
964 4943 1039 4989 reeta
1055 4937 1082 4990 in
1101 4939 1255 4996 cretionem
1304 4944 1478 4996 aestimanda.

695 5004 852 5071 obliquam,
878 5012 908 5057 at
927 5004 1146 5070 intelligendum
1164 5006 1202 5059 sit
1219 5025 1253 5059 ex
1338 5015 1363 5061 3.
1398 5013 1422 5062 si
1438 5012 1493 5063 albi
1507 5010 1612 5062 initium
1629 5013 1738 5079 nigrum
1755 5028 1865 5063 occare-

695 5072 871 5126 antecetlenti
889 5074 976 5141 inquit
996 5074 1113 5125 verbum
1129 5075 1200 5127 dicit.
1303 5078 1356 5146 tur]
1381 5078 1423 5129 Gi.
1443 5077 1527 5129 Arist.
1546 5078 1635 5145 Phys.
1659 5078 1724 5141 Vll,
1749 5082 1773 5129 1.
1796 5076 1865 5130 εἴδει

729 5145 755 5191 2.
790 5143 913 5195 absoluta
935 5141 1079 5211 responsio]
1100 5142 1119 5194 i.
1139 5159 1163 5194 e.
1184 5142 1253 5195 deli-
1304 5143 1420 5209 (κίνησις
1437 5138 1509 5227 irrep
1529 5161 1554 5195 ..·
1577 5141 1607 5197 ἐκ
1629 5146 1681 5197 rori
1703 5144 1801 5196 λευκοῦ
1824 5145 1864 5206 εἰς

693 5206 754 5261 nita
786 5212 830 5262 rel
843 5208 961 5291 ‘paucis
987 5209 1082 5263 verbis
1110 5218 1253 5281 concepta.
1302 5208 1335 5264 ab
1357 5206 1455 5279 μέλαν,
1491 5206 1555 5278 nire
1574 5212 1625 5265 τοῦ
1642 5206 1755 5279 ἀγαθοῦ
1772 5211 1811 5273 εἰς
1827 5210 1862 5265 τὸ

660 5274 739 5383 ι(11.
763 5277 898 5331 Ammian-
925 5277 1013 5333 Maro.
1038 5278 1129 5347 111111,
1156 5284 1183 5334 2.
1207 5296 1253 5333 re·
1302 5272 1395 5331 tanin
