<?xml version="1.0" encoding="UTF-8"?>
<!DOCTYPE html PUBLIC "-//W3C//DTD XHTML 1.0 Transitional//EN"
    "http://www.w3.org/TR/xhtml1/DTD/xhtml1-transitional.dtd">
<html xmlns="http://www.w3.org/1999/xhtml" xml:lang="en" lang="en">
 <head>
  <title>
</title>
<meta http-equiv="Content-Type" content="text/html;charset=utf-8" />
  <meta name='ocr-system' content='tesseract 3.04.00' />
  <meta name='ocr-capabilities' content='ocr_page ocr_carea ocr_par ocr_line ocrx_word'/>
</head>
<body>
  <div class='ocr_page' id='page_1' title='image "./operaquaesupers00macrgoog/operaquaesupers00macrgoog_0362.png"; bbox 0 0 5092 6425; ppageno 0'>
   <div class='ocr_carea' id='block_1_1' title="bbox 630 883 1731 957">
    <p class='ocr_par' dir='ltr' id='par_1_1' title="bbox 630 883 1731 957">
     <span class='ocr_line' id='line_1_1' title="bbox 630 883 1731 957; baseline 0.004 -4"><span class='ocrx_word' id='word_1_1' title='bbox 630 886 752 954; x_wconf 74' lang='lat' dir='ltr'><strong>:onina</strong></span> <span class='ocrx_word' id='word_1_2' title='bbox 774 887 819 954; x_wconf 91' lang='lat' dir='ltr'><strong>IN</strong></span> <span class='ocrx_word' id='word_1_3' title='bbox 841 884 969 954; x_wconf 85' lang='lat' dir='ltr'><strong>SOMN.</strong></span> <span class='ocrx_word' id='word_1_4' title='bbox 990 883 1088 954; x_wconf 74' lang='lat' dir='ltr'><strong>scm.</strong></span> <span class='ocrx_word' id='word_1_5' title='bbox 1132 887 1207 952; x_wconf 89' lang='lat' dir='ltr'><strong>LlB.</strong></span> <span class='ocrx_word' id='word_1_6' title='bbox 1228 886 1267 951; x_wconf 89' lang='lat'><strong>11.</strong></span> <span class='ocrx_word' id='word_1_7' title='bbox 1313 884 1402 952; x_wconf 78' lang='lat' dir='ltr'><strong>CAP.</strong></span> <span class='ocrx_word' id='word_1_8' title='bbox 1420 887 1504 955; x_wconf 78' lang='lat' dir='ltr'><strong>XVI.</strong></span> <span class='ocrx_word' id='word_1_9' title='bbox 1525 888 1624 956; x_wconf 84' lang='lat' dir='ltr'><strong>XVll.</strong></span> <span class='ocrx_word' id='word_1_10' title='bbox 1667 891 1731 957; x_wconf 76' lang='lat'><strong>213</strong></span> 
     </span>
    </p>
   </div>
   <div class='ocr_carea' id='block_1_2' title="bbox 630 1054 1773 2418">
    <p class='ocr_par' dir='ltr' id='par_1_2' title="bbox 630 1054 1773 2418">
     <span class='ocr_line' id='line_1_2' title="bbox 630 1054 1729 1142; baseline 0.005 -21"><span class='ocrx_word' id='word_1_11' title='bbox 630 1078 640 1122; x_wconf 79' lang='lat' dir='ltr'><strong>e</strong></span> <span class='ocrx_word' id='word_1_12' title='bbox 662 1078 725 1121; x_wconf 91' lang='lat' dir='ltr'><strong>non</strong></span> <span class='ocrx_word' id='word_1_13' title='bbox 748 1057 789 1122; x_wconf 92' lang='lat' dir='ltr'><strong>sit</strong></span> <span class='ocrx_word' id='word_1_14' title='bbox 810 1065 901 1142; x_wconf 90' lang='lat' dir='ltr'><strong>aptus</strong></span> <span class='ocrx_word' id='word_1_15' title='bbox 922 1055 960 1121; x_wconf 92' lang='lat' dir='ltr'><strong>ad</strong></span> <span class='ocrx_word' id='word_1_16' title='bbox 981 1054 1150 1140; x_wconf 80' lang='lat' dir='ltr'><strong>agendum,</strong></span> <span class='ocrx_word' id='word_1_17' title='bbox 1188 1054 1242 1120; x_wconf 91' lang='lat' dir='ltr'><strong>sed</strong></span> <span class='ocrx_word' id='word_1_18' title='bbox 1263 1057 1364 1121; x_wconf 89' lang='lat' dir='ltr'><strong>solum</strong></span> <span class='ocrx_word' id='word_1_19' title='bbox 1386 1057 1502 1142; x_wconf 92' lang='lat' dir='ltr'><strong>optima</strong></span> <span class='ocrx_word' id='word_1_20' title='bbox 1524 1058 1729 1127; x_wconf 89' lang='lat' dir='ltr'><strong>conscientiae</strong></span> 
     </span>
     <span class='ocr_line' id='line_1_3' title="bbox 645 1140 1728 1227; baseline 0.004 -20"><span class='ocrx_word' id='word_1_21' title='bbox 645 1150 766 1208; x_wconf 88' lang='lat' dir='ltr'><strong>erectus</strong></span> <span class='ocrx_word' id='word_1_22' title='bbox 793 1141 830 1208; x_wconf 91' lang='lat' dir='ltr'><strong>ad</strong></span> <span class='ocrx_word' id='word_1_23' title='bbox 855 1161 966 1227; x_wconf 89' lang='lat' dir='ltr'><strong>supera</strong></span> <span class='ocrx_word' id='word_1_24' title='bbox 988 1140 1147 1206; x_wconf 89' lang='lat' dir='ltr'><strong>doctrinae</strong></span> <span class='ocrx_word' id='word_1_25' title='bbox 1171 1140 1394 1227; x_wconf 90' lang='lat' dir='ltr'><strong>supellectilem</strong></span> <span class='ocrx_word' id='word_1_26' title='bbox 1416 1142 1454 1208; x_wconf 89' lang='lat' dir='ltr'><strong>ad</strong></span> <span class='ocrx_word' id='word_1_27' title='bbox 1467 1144 1657 1213; x_wconf 80' lang='lat' dir='ltr'><strong>,exercitium</strong></span> <span class='ocrx_word' id='word_1_28' title='bbox 1683 1145 1728 1211; x_wconf 91' lang='lat' dir='ltr'><strong>di·</strong></span> 
     </span>
     <span class='ocr_line' id='line_1_4' title="bbox 630 1224 1726 1313; baseline 0.003 -21"><span class='ocrx_word' id='word_1_29' title='bbox 630 1248 640 1292; x_wconf 78' lang='lat' dir='ltr'><strong>s</strong></span> <span class='ocrx_word' id='word_1_30' title='bbox 662 1227 878 1313; x_wconf 80' lang='lat' dir='ltr'><strong>disputationis</strong></span> <span class='ocrx_word' id='word_1_31' title='bbox 898 1224 1065 1311; x_wconf 84' lang='lat' dir='ltr'><strong>expendat,</strong></span> <span class='ocrx_word' id='word_1_32' title='bbox 1095 1234 1228 1291; x_wconf 80' lang='lat' dir='ltr'><strong>sectator</strong></span> <span class='ocrx_word' id='word_1_33' title='bbox 1247 1227 1441 1305; x_wconf 88' lang='lat' dir='ltr'><strong>caelestium,</strong></span> <span class='ocrx_word' id='word_1_34' title='bbox 1469 1227 1577 1295; x_wconf 90' lang='lat' dir='ltr'><strong>devius</strong></span> <span class='ocrx_word' id='word_1_35' title='bbox 1597 1229 1726 1296; x_wconf 86' lang='lat' dir='ltr'><strong>caduco·</strong></span> 
     </span>
     <span class='ocr_line' id='line_1_5' title="bbox 630 1309 1725 1397; baseline 0.001 -20"><span class='ocrx_word' id='word_1_36' title='bbox 630 1361 636 1389; x_wconf 87' lang='lat'>‚</span> <span class='ocrx_word' id='word_1_37' title='bbox 670 1313 697 1377; x_wconf 90' lang='lat' dir='ltr'><strong>is</strong></span> <span class='ocrx_word' id='word_1_38' title='bbox 719 1332 844 1397; x_wconf 87' lang='lat' dir='ltr'><strong>quoquc</strong></span> <span class='ocrx_word' id='word_1_39' title='bbox 867 1309 904 1376; x_wconf 91' lang='lat' dir='ltr'><strong>ad</strong></span> <span class='ocrx_word' id='word_1_40' title='bbox 926 1311 1002 1376; x_wconf 89' lang='lat' dir='ltr'><strong>caeli</strong></span> <span class='ocrx_word' id='word_1_41' title='bbox 1031 1311 1177 1377; x_wconf 88' lang='lat' dir='ltr'><strong>verticem</strong></span> <span class='ocrx_word' id='word_1_42' title='bbox 1201 1311 1309 1377; x_wconf 89' lang='lat' dir='ltr'><strong>otiosis</strong></span> <span class='ocrx_word' id='word_1_43' title='bbox 1333 1312 1499 1379; x_wconf 89' lang='lat' dir='ltr'><strong>virtutibus</strong></span> <span class='ocrx_word' id='word_1_44' title='bbox 1527 1313 1725 1380; x_wconf 85' lang='lat' dir='ltr'><strong>subvehatur.</strong></span> 
     </span>
     <span class='ocr_line' id='line_1_6' title="bbox 631 1395 1773 1485; baseline 0.002 -22"><span class='ocrx_word' id='word_1_45' title='bbox 631 1406 773 1463; x_wconf 85' lang='lat' dir='ltr'><strong>atamen</strong></span> <span class='ocrx_word' id='word_1_46' title='bbox 797 1396 909 1472; x_wconf 87' lang='lat' dir='ltr'><strong>evenit,</strong></span> <span class='ocrx_word' id='word_1_47' title='bbox 932 1404 967 1461; x_wconf 95' lang='lat' dir='ltr'><strong>ut</strong></span> <span class='ocrx_word' id='word_1_48' title='bbox 987 1395 1068 1461; x_wconf 90' lang='lat' dir='ltr'><strong>idem</strong></span> <span class='ocrx_word' id='word_1_49' title='bbox 1089 1404 1196 1481; x_wconf 90' lang='lat' dir='ltr'><strong>pectus</strong></span> <span class='ocrx_word' id='word_1_50' title='bbox 1218 1403 1250 1461; x_wconf 93' lang='lat' dir='ltr'><strong>et</strong></span> <span class='ocrx_word' id='word_1_51' title='bbox 1270 1397 1380 1481; x_wconf 82' lang='lat' dir='ltr'><strong>agendi</strong></span> <span class='ocrx_word' id='word_1_52' title='bbox 1403 1398 1630 1484; x_wconf 80' lang='lat' dir='ltr'><strong>et,disputandi</strong></span> <span class='ocrx_word' id='word_1_53' title='bbox 1656 1421 1724 1485; x_wconf 90' lang='lat' dir='ltr'><strong>por·</strong></span> <span class='ocrx_word' id='word_1_54' title='bbox 1756 1403 1773 1464; x_wconf 85' lang='lat' dir='ltr'><strong>l</strong></span> 
     </span>
     <span class='ocr_line' id='line_1_7' title="bbox 630 1481 1723 1568; baseline 0.002 -20"><span class='ocrx_word' id='word_1_55' title='bbox 630 1504 682 1548; x_wconf 78' lang='lat' dir='ltr'><strong>sne</strong></span> <span class='ocrx_word' id='word_1_56' title='bbox 717 1481 849 1548; x_wconf 90' lang='lat' dir='ltr'><strong>sublime</strong></span> <span class='ocrx_word' id='word_1_57' title='bbox 880 1481 934 1557; x_wconf 90' lang='lat' dir='ltr'><strong>sit,</strong></span> <span class='ocrx_word' id='word_1_58' title='bbox 974 1490 1006 1546; x_wconf 88' lang='lat' dir='ltr'><strong>et</strong></span> <span class='ocrx_word' id='word_1_59' title='bbox 1036 1481 1155 1548; x_wconf 88' lang='lat' dir='ltr'><strong>caelum</strong></span> <span class='ocrx_word' id='word_1_60' title='bbox 1186 1489 1320 1566; x_wconf 90' lang='lat' dir='ltr'><strong>utroque</strong></span> <span class='ocrx_word' id='word_1_61' title='bbox 1353 1482 1540 1568; x_wconf 79' lang='lat' dir='ltr'><strong>adipiscatur</strong></span> <span class='ocrx_word' id='word_1_62' title='bbox 1575 1485 1723 1551; x_wconf 81' lang='lat' dir='ltr'><strong>exercitio</strong></span> 
     </span>
     <span class='ocr_line' id='line_1_8' title="bbox 633 1566 1773 1653; baseline 0.002 -21"><span class='ocrx_word' id='word_1_63' title='bbox 633 1575 709 1632; x_wconf 89' lang='lat' dir='ltr'><strong>tum.</strong></span> <span class='ocrx_word' id='word_1_64' title='bbox 759 1566 913 1632; x_wconf 82' lang='lat' dir='ltr'><strong>Romulus</strong></span> <span class='ocrx_word' id='word_1_65' title='bbox 935 1566 1025 1632; x_wconf 90' lang='lat' dir='ltr'><strong>nobis</strong></span> <span class='ocrx_word' id='word_1_66' title='bbox 1046 1567 1079 1631; x_wconf 94' lang='lat' dir='ltr'><strong>in</strong></span> <span class='ocrx_word' id='word_1_67' title='bbox 1103 1567 1205 1653; x_wconf 90' lang='lat' dir='ltr'><strong>primo</strong></span> <span class='ocrx_word' id='word_1_68' title='bbox 1226 1586 1339 1652; x_wconf 83' lang='lat' dir='ltr'><strong>genere</strong></span> <span class='ocrx_word' id='word_1_69' title='bbox 1363 1577 1510 1653; x_wconf 90' lang='lat' dir='ltr'><strong>ponatur,</strong></span> <span class='ocrx_word' id='word_1_70' title='bbox 1550 1569 1639 1635; x_wconf 90' lang='lat' dir='ltr'><strong>cuius</strong></span> <span class='ocrx_word' id='word_1_71' title='bbox 1662 1570 1723 1636; x_wconf 84' lang='lat' dir='ltr'><strong>rita</strong></span> <span class='ocrx_word' id='word_1_72' title='bbox 1752 1569 1773 1634; x_wconf 82' lang='lat'>8</span> 
     </span>
     <span class='ocr_line' id='line_1_9' title="bbox 631 1650 1722 1740; baseline 0.003 -23"><span class='ocrx_word' id='word_1_73' title='bbox 631 1662 678 1718; x_wconf 89' lang='lat' dir='ltr'><strong>tes</strong></span> <span class='ocrx_word' id='word_1_74' title='bbox 699 1673 869 1737; x_wconf 86' lang='lat' dir='ltr'><strong>numquam</strong></span> <span class='ocrx_word' id='word_1_75' title='bbox 891 1650 1042 1728; x_wconf 89' lang='lat' dir='ltr'><strong>deseruit,</strong></span> <span class='ocrx_word' id='word_1_76' title='bbox 1064 1673 1187 1736; x_wconf 89' lang='lat' dir='ltr'><strong>semper</strong></span> <span class='ocrx_word' id='word_1_77' title='bbox 1208 1652 1360 1717; x_wconf 84' lang='lat' dir='ltr'><strong>exercuit:</strong></span> <span class='ocrx_word' id='word_1_78' title='bbox 1399 1653 1431 1716; x_wconf 92' lang='lat' dir='ltr'><strong>in</strong></span> <span class='ocrx_word' id='word_1_79' title='bbox 1452 1654 1588 1719; x_wconf 89' lang='lat' dir='ltr'><strong>seeundo</strong></span> <span class='ocrx_word' id='word_1_80' title='bbox 1609 1654 1722 1740; x_wconf 77' lang='lat' dir='ltr'><strong>Pytha·</strong></span> 
     </span>
     <span class='ocr_line' id='line_1_10' title="bbox 630 1735 1721 1822; baseline 0.003 -20"><span class='ocrx_word' id='word_1_81' title='bbox 630 1759 649 1816; x_wconf 82' lang='lat' dir='ltr'><strong>s,</strong></span> <span class='ocrx_word' id='word_1_82' title='bbox 670 1737 724 1822; x_wconf 88' lang='lat' dir='ltr'><strong>qui</strong></span> <span class='ocrx_word' id='word_1_83' title='bbox 745 1736 853 1821; x_wconf 82' lang='lat' dir='ltr'><strong>agendi</strong></span> <span class='ocrx_word' id='word_1_84' title='bbox 876 1737 997 1801; x_wconf 89' lang='lat' dir='ltr'><strong>nescius</strong></span> <span class='ocrx_word' id='word_1_85' title='bbox 1017 1735 1075 1802; x_wconf 87' lang='lat' dir='ltr'><strong>luit</strong></span> <span class='ocrx_word' id='word_1_86' title='bbox 1095 1737 1203 1801; x_wconf 78' lang='lat' dir='ltr'><strong>artifex</strong></span> <span class='ocrx_word' id='word_1_87' title='bbox 1223 1736 1393 1802; x_wconf 90' lang='lat' dir='ltr'><strong>disserendi</strong></span> <span class='ocrx_word' id='word_1_88' title='bbox 1415 1745 1447 1802; x_wconf 92' lang='lat' dir='ltr'><strong>et</strong></span> <span class='ocrx_word' id='word_1_89' title='bbox 1465 1739 1545 1803; x_wconf 91' lang='lat' dir='ltr'><strong>solas</strong></span> <span class='ocrx_word' id='word_1_90' title='bbox 1563 1739 1721 1806; x_wconf 90' lang='lat' dir='ltr'><strong>doctrinae</strong></span> 
     </span>
     <span class='ocr_line' id='line_1_11' title="bbox 631 1821 1720 1908; baseline 0.007 -26"><span class='ocrx_word' id='word_1_91' title='bbox 631 1822 804 1887; x_wconf 63' lang='lat' dir='ltr'><strong>inscientiae</strong></span> <span class='ocrx_word' id='word_1_92' title='bbox 825 1821 955 1887; x_wconf 89' lang='lat' dir='ltr'><strong>virtutes</strong></span> <span class='ocrx_word' id='word_1_93' title='bbox 975 1829 1099 1887; x_wconf 88' lang='lat' dir='ltr'><strong>secutus</strong></span> <span class='ocrx_word' id='word_1_94' title='bbox 1116 1831 1177 1887; x_wconf 89' lang='lat' dir='ltr'><strong>est:</strong></span> <span class='ocrx_word' id='word_1_95' title='bbox 1205 1822 1246 1887; x_wconf 94' lang='lat' dir='ltr'><strong>sit</strong></span> <span class='ocrx_word' id='word_1_96' title='bbox 1267 1822 1299 1886; x_wconf 94' lang='lat' dir='ltr'><strong>in</strong></span> <span class='ocrx_word' id='word_1_97' title='bbox 1318 1822 1412 1887; x_wconf 90' lang='lat' dir='ltr'><strong>tertio</strong></span> <span class='ocrx_word' id='word_1_98' title='bbox 1430 1843 1466 1887; x_wconf 92' lang='lat' dir='ltr'><strong>ac</strong></span> <span class='ocrx_word' id='word_1_99' title='bbox 1488 1824 1584 1889; x_wconf 82' lang='lat' dir='ltr'><strong>mixto</strong></span> <span class='ocrx_word' id='word_1_100' title='bbox 1607 1845 1720 1908; x_wconf 82' lang='lat' dir='ltr'><strong>genere</strong></span> 
     </span>
     <span class='ocr_line' id='line_1_12' title="bbox 652 1906 1719 1992; baseline 0.002 -20"><span class='ocrx_word' id='word_1_101' title='bbox 652 1906 787 1972; x_wconf 89' lang='lat' dir='ltr'><strong>Graecos</strong></span> <span class='ocrx_word' id='word_1_102' title='bbox 808 1907 966 1992; x_wconf 77' lang='lat' dir='ltr'><strong>Lycurgus</strong></span> <span class='ocrx_word' id='word_1_103' title='bbox 987 1914 1019 1972; x_wconf 90' lang='lat' dir='ltr'><strong>et</strong></span> <span class='ocrx_word' id='word_1_104' title='bbox 1038 1907 1147 1985; x_wconf 90' lang='lat' dir='ltr'><strong>Solon,</strong></span> <span class='ocrx_word' id='word_1_105' title='bbox 1179 1907 1260 1972; x_wconf 91' lang='lat' dir='ltr'><strong>inter</strong></span> <span class='ocrx_word' id='word_1_106' title='bbox 1280 1910 1437 1973; x_wconf 86' lang='lat' dir='ltr'><strong>Romanos</strong></span> <span class='ocrx_word' id='word_1_107' title='bbox 1458 1909 1560 1976; x_wconf 92' lang='lat' dir='ltr'><strong>Numa</strong></span> <span class='ocrx_word' id='word_1_108' title='bbox 1586 1909 1719 1975; x_wconf 84' lang='lat' dir='ltr'><strong>Catones</strong></span> 
     </span>
     <span class='ocr_line' id='line_1_13' title="bbox 631 1990 1719 2078; baseline 0.005 -23"><span class='ocrx_word' id='word_1_109' title='bbox 631 2014 639 2055; x_wconf 77' lang='lat' dir='ltr'><strong>s</strong></span> <span class='ocrx_word' id='word_1_110' title='bbox 663 1992 815 2077; x_wconf 90' lang='lat' dir='ltr'><strong>multique</strong></span> <span class='ocrx_word' id='word_1_111' title='bbox 838 1990 888 2056; x_wconf 87' lang='lat' dir='ltr'><strong>alii</strong></span> <span class='ocrx_word' id='word_1_112' title='bbox 912 1991 966 2075; x_wconf 91' lang='lat' dir='ltr'><strong>qui</strong></span> <span class='ocrx_word' id='word_1_113' title='bbox 992 1998 1024 2056; x_wconf 91' lang='lat' dir='ltr'><strong>ct</strong></span> <span class='ocrx_word' id='word_1_114' title='bbox 1046 1991 1274 2078; x_wconf 82' lang='lat' dir='ltr'><strong>philosophiam</strong></span> <span class='ocrx_word' id='word_1_115' title='bbox 1301 1992 1472 2058; x_wconf 90' lang='lat' dir='ltr'><strong>hauserunt</strong></span> <span class='ocrx_word' id='word_1_116' title='bbox 1498 1994 1590 2060; x_wconf 89' lang='lat' dir='ltr'><strong>altius</strong></span> <span class='ocrx_word' id='word_1_117' title='bbox 1617 2001 1649 2059; x_wconf 90' lang='lat' dir='ltr'><strong>et</strong></span> <span class='ocrx_word' id='word_1_118' title='bbox 1669 1994 1719 2060; x_wconf 90' lang='lat' dir='ltr'><strong>lir-</strong></span> 
     </span>
     <span class='ocr_line' id='line_1_14' title="bbox 631 2075 1718 2164; baseline 0.002 -23"><span class='ocrx_word' id='word_1_119' title='bbox 631 2085 738 2142; x_wconf 90' lang='lat' dir='ltr'><strong>entum</strong></span> <span class='ocrx_word' id='word_1_120' title='bbox 766 2075 971 2161; x_wconf 85' lang='lat' dir='ltr'><strong>reipublicae</strong></span> <span class='ocrx_word' id='word_1_121' title='bbox 1000 2079 1234 2161; x_wconf 91' lang='lat' dir='ltr'><strong>praestiterunt;</strong></span> <span class='ocrx_word' id='word_1_122' title='bbox 1270 2078 1327 2142; x_wconf 89' lang='lat' dir='ltr'><strong>soli</strong></span> <span class='ocrx_word' id='word_1_123' title='bbox 1354 2078 1437 2143; x_wconf 91' lang='lat' dir='ltr'><strong>enim</strong></span> <span class='ocrx_word' id='word_1_124' title='bbox 1464 2079 1632 2164; x_wconf 86' lang='lat' dir='ltr'><strong>sapientiae</strong></span> <span class='ocrx_word' id='word_1_125' title='bbox 1654 2079 1718 2143; x_wconf 92' lang='lat' dir='ltr'><strong>otio</strong></span> 
     </span>
     <span class='ocr_line' id='line_1_15' title="bbox 631 2160 1768 2241; baseline -0.002 -14"><span class='ocrx_word' id='word_1_126' title='bbox 631 2183 668 2227; x_wconf 89' lang='lat' dir='ltr'><strong>os</strong></span> <span class='ocrx_word' id='word_1_127' title='bbox 696 2171 733 2227; x_wconf 93' lang='lat' dir='ltr'><strong>ut</strong></span> <span class='ocrx_word' id='word_1_128' title='bbox 763 2160 885 2227; x_wconf 90' lang='lat' dir='ltr'><strong>abunde</strong></span> <span class='ocrx_word' id='word_1_129' title='bbox 912 2160 1041 2226; x_wconf 82' lang='lat' dir='ltr'><strong>Graecia</strong></span> <span class='ocrx_word' id='word_1_130' title='bbox 1070 2162 1142 2227; x_wconf 91' lang='lat' dir='ltr'><strong>tulit</strong></span> <span class='ocrx_word' id='word_1_131' title='bbox 1173 2163 1214 2228; x_wconf 91' lang='lat' dir='ltr'><strong>ita</strong></span> <span class='ocrx_word' id='word_1_132' title='bbox 1240 2164 1340 2228; x_wconf 86' lang='lat' dir='ltr'><strong>Roma</strong></span> <span class='ocrx_word' id='word_1_133' title='bbox 1372 2163 1508 2228; x_wconf 88' lang='lat' dir='ltr'><strong>nescivit.</strong></span> <span class='ocrx_word' id='word_1_134' title='bbox 1560 2162 1716 2241; x_wconf 88' lang='lat' dir='ltr'><strong>Quoniam</strong></span> <span class='ocrx_word' id='word_1_135' title='bbox 1747 2162 1768 2225; x_wconf 86' lang='grc'><strong>9</strong></span> 
     </span>
     <span class='ocr_line' id='line_1_16' title="bbox 631 2246 1766 2332; baseline -0.002 -20"><span class='ocrx_word' id='word_1_136' title='bbox 631 2269 641 2312; x_wconf 95' lang='lat' dir='ltr'><strong>r</strong></span> <span class='ocrx_word' id='word_1_137' title='bbox 657 2246 820 2313; x_wconf 77' lang='lat' dir='ltr'><strong>Africanus</strong></span> <span class='ocrx_word' id='word_1_138' title='bbox 842 2253 956 2323; x_wconf 89' lang='lat' dir='ltr'><strong>noster,</strong></span> <span class='ocrx_word' id='word_1_139' title='bbox 997 2266 1067 2311; x_wconf 90' lang='lat' dir='ltr'><strong>uem</strong></span> <span class='ocrx_word' id='word_1_140' title='bbox 1090 2247 1183 2313; x_wconf 91' lang='lat' dir='ltr'><strong>modo</strong></span> <span class='ocrx_word' id='word_1_141' title='bbox 1200 2267 1276 2312; x_wconf 85' lang='lat' dir='ltr'><strong>avus</strong></span> <span class='ocrx_word' id='word_1_142' title='bbox 1293 2255 1474 2332; x_wconf 89' lang='lat' dir='ltr'><strong>praeceptor</strong></span> <span class='ocrx_word' id='word_1_143' title='bbox 1489 2247 1632 2325; x_wconf 86' lang='lat' dir='ltr'><strong>instituit,</strong></span> <span class='ocrx_word' id='word_1_144' title='bbox 1653 2260 1766 2330; x_wconf 61' lang='lat' dir='ltr'><strong>cume]</strong></span> 
     </span>
     <span class='ocr_line' id='line_1_17' title="bbox 631 2267 1715 2418; baseline -0.002 -20"><span class='ocrx_word' id='word_1_145' title='bbox 631 2353 733 2418; x_wconf 71' lang='lat' dir='ltr'><strong>genere</strong></span> <span class='ocrx_word' id='word_1_146' title='bbox 756 2339 804 2397; x_wconf 90' lang='lat' dir='ltr'><strong>est</strong></span> <span class='ocrx_word' id='word_1_147' title='bbox 825 2330 909 2418; x_wconf 91' lang='lat' dir='ltr'><strong>quod</strong></span> <span class='ocrx_word' id='word_1_148' title='bbox 928 2338 960 2396; x_wconf 91' lang='lat' dir='ltr'><strong>et</strong></span> <span class='ocrx_word' id='word_1_149' title='bbox 975 2267 1018 2396; x_wconf 74' lang='lat' dir='ltr'><strong>de</strong></span> <span class='ocrx_word' id='word_1_150' title='bbox 1040 2331 1178 2398; x_wconf 87' lang='lat' dir='ltr'><strong>doctrina</strong></span> <span class='ocrx_word' id='word_1_151' title='bbox 1194 2332 1317 2397; x_wconf 86' lang='lat' dir='ltr'><strong>vivendi</strong></span> <span class='ocrx_word' id='word_1_152' title='bbox 1342 2333 1479 2417; x_wconf 82' lang='lat' dir='ltr'><strong>regulam</strong></span> <span class='ocrx_word' id='word_1_153' title='bbox 1502 2340 1663 2398; x_wconf 91' lang='lat' dir='ltr'><strong>mutuatur</strong></span> <span class='ocrx_word' id='word_1_154' title='bbox 1682 2337 1715 2397; x_wconf 87' lang='lat' dir='ltr'><strong>et</strong></span> 
     </span>
    </p>
   </div>
   <div class='ocr_carea' id='block_1_3' title="bbox 631 2416 1714 2503">
    <p class='ocr_par' dir='ltr' id='par_1_3' title="bbox 631 2416 1714 2503">
     <span class='ocr_line' id='line_1_18' title="bbox 631 2416 1714 2503; baseline -0.004 -18"><span class='ocrx_word' id='word_1_155' title='bbox 631 2439 659 2485; x_wconf 92' lang='lat' dir='ltr'><strong>m</strong></span> <span class='ocrx_word' id='word_1_156' title='bbox 686 2418 842 2503; x_wconf 90' lang='lat' dir='ltr'><strong>publicum</strong></span> <span class='ocrx_word' id='word_1_157' title='bbox 868 2416 1035 2484; x_wconf 86' lang='lat' dir='ltr'><strong>virtutibus</strong></span> <span class='ocrx_word' id='word_1_158' title='bbox 1060 2416 1162 2497; x_wconf 80' lang='lat' dir='ltr'><strong>fulcit,</strong></span> <span class='ocrx_word' id='word_1_159' title='bbox 1199 2416 1270 2483; x_wconf 90' lang='lat' dir='ltr'><strong>ideo</strong></span> <span class='ocrx_word' id='word_1_160' title='bbox 1298 2417 1326 2482; x_wconf 90' lang='lat' dir='ltr'><strong>ei</strong></span> <span class='ocrx_word' id='word_1_161' title='bbox 1353 2417 1548 2503; x_wconf 82' lang='lat' dir='ltr'><strong>perfectionis</strong></span> <span class='ocrx_word' id='word_1_162' title='bbox 1573 2418 1714 2503; x_wconf 80' lang='lat' dir='ltr'><strong>geminae</strong></span> 
     </span>
    </p>
   </div>
   <div class='ocr_carea' id='block_1_4' title="bbox 1340 2605 1648 2675">
    <p class='ocr_par' dir='ltr' id='par_1_4' title="bbox 1340 2605 1648 2675">
     <span class='ocr_line' id='line_1_19' title="bbox 1340 2605 1648 2675; baseline -0.003 -17"><span class='ocrx_word' id='word_1_163' title='bbox 1340 2606 1426 2670; x_wconf 66' lang='grc' dir='ltr'><strong>[ΕΜ.</strong></span> <span class='ocrx_word' id='word_1_164' title='bbox 1445 2605 1648 2675; x_wconf 74' lang='lat' dir='ltr'><strong>ricalrgspdab.</strong></span> 
     </span>
    </p>
   </div>
   <div class='ocr_carea' id='block_1_5' title="bbox 632 2688 1717 3636">
    <p class='ocr_par' dir='ltr' id='par_1_5' title="bbox 632 2688 1717 3563">
     <span class='ocr_line' id='line_1_20' title="bbox 632 2688 1715 2759; baseline -0.002 -17"><span class='ocrx_word' id='word_1_165' title='bbox 632 2690 687 2744; x_wconf 85' lang='lat' dir='ltr'><strong>sita</strong></span> <span class='ocrx_word' id='word_1_166' title='bbox 702 2690 829 2744; x_wconf 85' lang='lat' dir='ltr'><strong>virtute</strong></span> <span class='ocrx_word' id='word_1_167' title='bbox 848 2695 924 2759; x_wconf 83' lang='lat' dir='ltr'><strong>(sup.</strong></span> <span class='ocrx_word' id='word_1_168' title='bbox 942 2709 959 2744; x_wconf 89' lang='lat' dir='ltr'><strong>o</strong></span> <span class='ocrx_word' id='word_1_169' title='bbox 977 2689 1041 2743; x_wconf 90' lang='lat' dir='ltr'><strong>add.</strong></span> <span class='ocrx_word' id='word_1_170' title='bbox 1059 2695 1089 2759; x_wconf 80' lang='lat' dir='ltr'><strong>q)</strong></span> <span class='ocrx_word' id='word_1_171' title='bbox 1108 2690 1140 2741; x_wconf 88' lang='lat' dir='ltr'><strong>B.</strong></span> <span class='ocrx_word' id='word_1_172' title='bbox 1155 2717 1189 2729; x_wconf 89' lang='lat'>-</span> <span class='ocrx_word' id='word_1_173' title='bbox 1207 2691 1297 2758; x_wconf 86' lang='lat' dir='ltr'><strong>opima</strong></span> <span class='ocrx_word' id='word_1_174' title='bbox 1314 2691 1366 2742; x_wconf 71' lang='grc'><strong>112.</strong></span> <span class='ocrx_word' id='word_1_175' title='bbox 1387 2718 1421 2728; x_wconf 93' lang='grc'>-</span> <span class='ocrx_word' id='word_1_176' title='bbox 1439 2699 1552 2758; x_wconf 83' lang='lat' dir='ltr'><strong>ereptus</strong></span> <span class='ocrx_word' id='word_1_177' title='bbox 1569 2690 1615 2742; x_wconf 86' lang='lat' dir='ltr'><strong>sia</strong></span> <span class='ocrx_word' id='word_1_178' title='bbox 1633 2695 1667 2756; x_wconf 77' lang='lat' dir='ltr'><strong>(g</strong></span> <span class='ocrx_word' id='word_1_179' title='bbox 1686 2688 1715 2740; x_wconf 89' lang='lat' dir='ltr'><strong>in</strong></span> 
     </span>
     <span class='ocr_line' id='line_1_21' title="bbox 632 2757 1716 2826; baseline -0.003 -15"><span class='ocrx_word' id='word_1_180' title='bbox 632 2801 633 2811; x_wconf 67' lang='grc'>,</span> <span class='ocrx_word' id='word_1_181' title='bbox 653 2759 765 2810; x_wconf 80' lang='lat' dir='ltr'><strong>Modius</strong></span> <span class='ocrx_word' id='word_1_182' title='bbox 784 2775 827 2825; x_wconf 84' lang='lat' dir='ltr'><strong>ep.</strong></span> <span class='ocrx_word' id='word_1_183' title='bbox 844 2763 893 2823; x_wconf 79' lang='lat'><strong>20,</strong></span> <span class='ocrx_word' id='word_1_184' title='bbox 913 2778 940 2826; x_wconf 90' lang='lat' dir='ltr'><strong>p.</strong></span> <span class='ocrx_word' id='word_1_185' title='bbox 959 2763 1001 2811; x_wconf 82' lang='grc'><strong>93.</strong></span> <span class='ocrx_word' id='word_1_186' title='bbox 1020 2759 1145 2811; x_wconf 77' lang='lat' dir='ltr'><strong>restituit</strong></span> <span class='ocrx_word' id='word_1_187' title='bbox 1162 2768 1270 2812; x_wconf 82' lang='lat' dir='ltr'><strong>erectus.</strong></span> <span class='ocrx_word' id='word_1_188' title='bbox 1284 2789 1318 2798; x_wconf 89' lang='lat'>—</span> <span class='ocrx_word' id='word_1_189' title='bbox 1335 2761 1372 2811; x_wconf 88' lang='lat' dir='ltr'><strong>nd</strong></span> <span class='ocrx_word' id='word_1_190' title='bbox 1391 2776 1514 2826; x_wconf 87' lang='lat' dir='ltr'><strong>superna</strong></span> <span class='ocrx_word' id='word_1_191' title='bbox 1532 2757 1716 2822; x_wconf 76' lang='lat' dir='ltr'><strong>F⁰1„1actio</strong></span> 
     </span>
     <span class='ocr_line' id='line_1_22' title="bbox 633 2826 1717 2895; baseline -0.004 -16"><span class='ocrx_word' id='word_1_192' title='bbox 633 2828 670 2879; x_wconf 77' lang='lat' dir='ltr'><strong>e“</strong></span> <span class='ocrx_word' id='word_1_193' title='bbox 691 2827 766 2878; x_wconf 81' lang='lat' dir='ltr'><strong>diod.</strong></span> <span class='ocrx_word' id='word_1_194' title='bbox 787 2827 808 2878; x_wconf 88' lang='grc' dir='ltr'><strong>Ι.</strong></span> <span class='ocrx_word' id='word_1_195' title='bbox 830 2843 854 2877; x_wconf 84' lang='lat' dir='ltr'><strong>c.</strong></span> <span class='ocrx_word' id='word_1_196' title='bbox 874 2828 1094 2891; x_wconf 81' lang='lat' dir='ltr'><strong>„nremlsranac“</strong></span> <span class='ocrx_word' id='word_1_197' title='bbox 1116 2826 1197 2878; x_wconf 84' lang='lat' dir='ltr'><strong>Pont.</strong></span> <span class='ocrx_word' id='word_1_198' title='bbox 1218 2826 1311 2892; x_wconf 84' lang='lat' dir='ltr'><strong>„Ox.“</strong></span> <span class='ocrx_word' id='word_1_199' title='bbox 1337 2854 1371 2866; x_wconf 93' lang='lat'><em>-</em></span> <span class='ocrx_word' id='word_1_200' title='bbox 1401 2827 1591 2895; x_wconf 77' lang='lat' dir='ltr'><strong>disputationis</strong></span> <span class='ocrx_word' id='word_1_201' title='bbox 1609 2826 1717 2878; x_wconf 76' lang='lat' dir='ltr'><strong>divim</strong></span> 
     </span>
     <span class='ocr_line' id='line_1_23' title="bbox 632 2891 1714 2948; baseline -0.001 -4"><span class='ocrx_word' id='word_1_202' title='bbox 632 2920 652 2932; x_wconf 92' lang='lat'><em>-</em></span> <span class='ocrx_word' id='word_1_203' title='bbox 684 2896 843 2945; x_wconf 86' lang='lat' dir='ltr'><strong>caducorum</strong></span> <span class='ocrx_word' id='word_1_204' title='bbox 861 2894 953 2948; x_wconf 87' lang='lat' dir='ltr'><strong>deuius</strong></span> <span class='ocrx_word' id='word_1_205' title='bbox 967 2894 999 2946; x_wconf 79' lang='lat' dir='ltr'><strong>F.</strong></span> <span class='ocrx_word' id='word_1_206' title='bbox 1042 2896 1075 2948; x_wconf 90' lang='lat' dir='ltr'><strong>de</strong></span> <span class='ocrx_word' id='word_1_207' title='bbox 1093 2895 1181 2947; x_wconf 75' lang='lat' dir='ltr'><strong>liuius</strong></span> <span class='ocrx_word' id='word_1_208' title='bbox 1198 2897 1355 2948; x_wconf 84' lang='lat' dir='ltr'><strong>caducarum</strong></span> <span class='ocrx_word' id='word_1_209' title='bbox 1372 2892 1407 2944; x_wconf 86' lang='lat' dir='ltr'><strong>B.</strong></span> <span class='ocrx_word' id='word_1_210' title='bbox 1438 2923 1465 2932; x_wconf 94' lang='lat'>-</span> <span class='ocrx_word' id='word_1_211' title='bbox 1496 2894 1652 2947; x_wconf 67' lang='lat' dir='ltr'><strong>subvehatur</strong></span> <span class='ocrx_word' id='word_1_212' title='bbox 1668 2891 1714 2944; x_wconf 83' lang='lat' dir='ltr'><strong>Bs</strong></span> 
     </span>
     <span class='ocr_line' id='line_1_24' title="bbox 634 2960 1715 3028; baseline 0 -16"><span class='ocrx_word' id='word_1_213' title='bbox 634 2960 829 3027; x_wconf 71' lang='lat' dir='ltr'><strong>ngDIOHffl</strong></span> <span class='ocrx_word' id='word_1_214' title='bbox 846 2965 883 3025; x_wconf 82' lang='lat'><strong>„4</strong></span> <span class='ocrx_word' id='word_1_215' title='bbox 901 2962 973 3015; x_wconf 78' lang='lat'><strong>0¹.“</strong></span> <span class='ocrx_word' id='word_1_216' title='bbox 1020 2963 1180 3015; x_wconf 60' lang='lat' dir='ltr'><strong>advehitur</strong></span> <span class='ocrx_word' id='word_1_217' title='bbox 1199 2961 1326 3014; x_wconf 71' lang='lat' dir='ltr'><strong>ren-or.</strong></span> <span class='ocrx_word' id='word_1_218' title='bbox 1477 2966 1502 3017; x_wconf 80' lang='grc'><strong>7.</strong></span> <span class='ocrx_word' id='word_1_219' title='bbox 1537 2963 1607 3014; x_wconf 86' lang='lat' dir='ltr'><strong>idern</strong></span> <span class='ocrx_word' id='word_1_220' title='bbox 1624 2968 1715 3028; x_wconf 85' lang='lat' dir='ltr'><strong>uptus</strong></span> 
     </span>
     <span class='ocr_line' id='line_1_25' title="bbox 649 3028 1715 3097; baseline 0.003 -19"><span class='ocrx_word' id='word_1_221' title='bbox 649 3030 810 3094; x_wconf 80' lang='lat' dir='ltr'><strong>perfectione</strong></span> <span class='ocrx_word' id='word_1_222' title='bbox 827 3030 956 3081; x_wconf 72' lang='lat' dir='ltr'><strong>sublimis</strong></span> <span class='ocrx_word' id='word_1_223' title='bbox 973 3028 1005 3080; x_wconf 80' lang='lat' dir='ltr'><strong>F.</strong></span> <span class='ocrx_word' id='word_1_224' title='bbox 1039 3031 1148 3081; x_wconf 72' lang='lat' dir='ltr'><strong>sublime</strong></span> <span class='ocrx_word' id='word_1_225' title='bbox 1163 3032 1325 3097; x_wconf 69' lang='lat' dir='ltr'><strong>perfectione</strong></span> <span class='ocrx_word' id='word_1_226' title='bbox 1342 3029 1375 3079; x_wconf 85' lang='grc' dir='ltr'><strong>Β.</strong></span> <span class='ocrx_word' id='word_1_227' title='bbox 1396 3055 1422 3066; x_wconf 94' lang='grc'>-</span> <span class='ocrx_word' id='word_1_228' title='bbox 1442 3036 1563 3097; x_wconf 83' lang='lat' dir='ltr'><strong>utraque</strong></span> <span class='ocrx_word' id='word_1_229' title='bbox 1580 3029 1715 3096; x_wconf 83' lang='lat' dir='ltr'><strong>adipisca-</strong></span> 
     </span>
     <span class='ocr_line' id='line_1_26' title="bbox 632 3094 1714 3164; baseline 0.001 -19"><span class='ocrx_word' id='word_1_230' title='bbox 632 3097 779 3146; x_wconf 81' lang='lat' dir='ltr'><strong>rercitatio</strong></span> <span class='ocrx_word' id='word_1_231' title='bbox 804 3094 856 3144; x_wconf 86' lang='lat' dir='ltr'><strong>Rl.</strong></span> <span class='ocrx_word' id='word_1_232' title='bbox 1023 3101 1048 3148; x_wconf 84' lang='grc'><strong>8.</strong></span> <span class='ocrx_word' id='word_1_233' title='bbox 1084 3097 1160 3147; x_wconf 82' lang='lat' dir='ltr'><strong>cuius</strong></span> <span class='ocrx_word' id='word_1_234' title='bbox 1182 3098 1292 3148; x_wconf 86' lang='lat' dir='ltr'><strong>uirtutes</strong></span> <span class='ocrx_word' id='word_1_235' title='bbox 1315 3103 1390 3164; x_wconf 86' lang='lat' dir='ltr'><strong>(sup.</strong></span> <span class='ocrx_word' id='word_1_236' title='bbox 1412 3095 1477 3146; x_wconf 86' lang='lat' dir='ltr'><strong>add.</strong></span> <span class='ocrx_word' id='word_1_237' title='bbox 1504 3099 1575 3155; x_wconf 85' lang='lat' dir='ltr'><strong>uita)</strong></span> <span class='ocrx_word' id='word_1_238' title='bbox 1601 3097 1651 3146; x_wconf 82' lang='lat' dir='ltr'><strong>Rl.</strong></span> <span class='ocrx_word' id='word_1_239' title='bbox 1678 3124 1714 3135; x_wconf 91' lang='lat'>-</span> 
     </span>
     <span class='ocr_line' id='line_1_27' title="bbox 632 3161 1714 3230; baseline 0.004 -18"><span class='ocrx_word' id='word_1_240' title='bbox 632 3177 688 3214; x_wconf 80' lang='lat' dir='ltr'><strong>nans</strong></span> <span class='ocrx_word' id='word_1_241' title='bbox 706 3178 767 3229; x_wconf 86' lang='lat' dir='ltr'><strong>sup.</strong></span> <span class='ocrx_word' id='word_1_242' title='bbox 785 3161 848 3214; x_wconf 85' lang='lat' dir='ltr'><strong>add.</strong></span> <span class='ocrx_word' id='word_1_243' title='bbox 868 3166 932 3214; x_wconf 89' lang='lat' dir='ltr'><strong>ante</strong></span> <span class='ocrx_word' id='word_1_244' title='bbox 949 3162 1061 3216; x_wconf 81' lang='lat' dir='ltr'><strong>virtutes</strong></span> <span class='ocrx_word' id='word_1_245' title='bbox 1077 3161 1109 3214; x_wconf 85' lang='lat' dir='ltr'><strong>F.</strong></span> <span class='ocrx_word' id='word_1_246' title='bbox 1130 3191 1165 3200; x_wconf 95' lang='lat'><strong>—</strong></span> <span class='ocrx_word' id='word_1_247' title='bbox 1183 3164 1272 3216; x_wconf 85' lang='lat' dir='ltr'><strong>deseri</strong></span> <span class='ocrx_word' id='word_1_248' title='bbox 1280 3171 1290 3217; x_wconf 93' lang='lat' dir='ltr'><strong>t</strong></span> <span class='ocrx_word' id='word_1_249' title='bbox 1306 3169 1381 3230; x_wconf 77' lang='lat' dir='ltr'><strong>(sup.</strong></span> <span class='ocrx_word' id='word_1_250' title='bbox 1400 3162 1464 3215; x_wconf 86' lang='lat' dir='ltr'><strong>add.</strong></span> <span class='ocrx_word' id='word_1_251' title='bbox 1480 3167 1512 3223; x_wconf 88' lang='lat' dir='ltr'><strong>u)</strong></span> <span class='ocrx_word' id='word_1_252' title='bbox 1530 3163 1581 3215; x_wconf 86' lang='lat' dir='ltr'><strong>Rl.</strong></span> <span class='ocrx_word' id='word_1_253' title='bbox 1617 3163 1714 3216; x_wconf 81' lang='lat' dir='ltr'><strong>disse-</strong></span> 
     </span>
     <span class='ocr_line' id='line_1_28' title="bbox 632 3229 1714 3359; baseline -0.002 -11"><span class='ocrx_word' id='word_1_254' title='bbox 632 3229 702 3348; x_wconf 72' lang='lat' dir='ltr'><strong>ln‘</strong></span> <span class='ocrx_word' id='word_1_255' title='bbox 725 3230 1092 3350; x_wconf 61' lang='lat' dir='ltr'><strong>iiii&gt;⁰&#39;9⁰l&#39;ailia⁸id’</strong></span> <span class='ocrx_word' id='word_1_256' title='bbox 1110 3229 1714 3359; x_wconf 46' lang='lat' dir='ltr'><strong>¹²·sisiiiiir‘iall‘il‘iiii‘)&#39;iuml‘</strong></span> 
     </span>
     <span class='ocr_line' id='line_1_29' title="bbox 632 3361 1713 3434; baseline -0.001 -18"><span class='ocrx_word' id='word_1_257' title='bbox 632 3365 762 3434; x_wconf 83' lang='lat' dir='ltr'><strong>apientiae</strong></span> <span class='ocrx_word' id='word_1_258' title='bbox 777 3365 827 3416; x_wconf 89' lang='lat' dir='ltr'><strong>Rl.</strong></span> <span class='ocrx_word' id='word_1_259' title='bbox 873 3366 1021 3433; x_wconf 84' lang='lat' dir='ltr'><strong>sapientiae</strong></span> <span class='ocrx_word' id='word_1_260' title='bbox 1038 3365 1116 3426; x_wconf 86' lang='lat' dir='ltr'><strong>(add.</strong></span> <span class='ocrx_word' id='word_1_261' title='bbox 1135 3380 1151 3417; x_wconf 91' lang='lat' dir='ltr'><strong>a</strong></span> <span class='ocrx_word' id='word_1_262' title='bbox 1169 3382 1225 3417; x_wconf 83' lang='lat' dir='ltr'><strong>soc.</strong></span> <span class='ocrx_word' id='word_1_263' title='bbox 1242 3382 1279 3417; x_wconf 89' lang='lat' dir='ltr'><strong>m.</strong></span> <span class='ocrx_word' id='word_1_264' title='bbox 1296 3367 1363 3425; x_wconf 80' lang='lat' dir='ltr'><strong>ctio)</strong></span> <span class='ocrx_word' id='word_1_265' title='bbox 1381 3363 1412 3416; x_wconf 82' lang='lat' dir='ltr'><strong>F.</strong></span> <span class='ocrx_word' id='word_1_266' title='bbox 1454 3365 1592 3432; x_wconf 87' lang='lat' dir='ltr'><strong>sapientia</strong></span> <span class='ocrx_word' id='word_1_267' title='bbox 1608 3364 1661 3416; x_wconf 91' lang='lat' dir='ltr'><strong>otio</strong></span> <span class='ocrx_word' id='word_1_268' title='bbox 1679 3361 1713 3415; x_wconf 75' lang='lat' dir='ltr'><strong>F.</strong></span> 
     </span>
     <span class='ocr_line' id='line_1_30' title="bbox 632 3430 1711 3497; baseline -0.002 -14"><span class='ocrx_word' id='word_1_269' title='bbox 632 3433 669 3485; x_wconf 78' lang='lat' dir='ltr'><strong>ns·</strong></span> <span class='ocrx_word' id='word_1_270' title='bbox 686 3433 739 3484; x_wconf 89' lang='lat' dir='ltr'><strong>otio</strong></span> <span class='ocrx_word' id='word_1_271' title='bbox 756 3432 975 3497; x_wconf 81' lang='lat' dir='ltr'><strong>„memlsranae“</strong></span> <span class='ocrx_word' id='word_1_272' title='bbox 992 3432 1068 3483; x_wconf 79' lang='lat' dir='ltr'><strong>llcd.</strong></span> <span class='ocrx_word' id='word_1_273' title='bbox 1087 3433 1106 3484; x_wconf 87' lang='lat' dir='ltr'><strong>l.</strong></span> <span class='ocrx_word' id='word_1_274' title='bbox 1121 3450 1145 3482; x_wconf 92' lang='lat' dir='ltr'><strong>c.</strong></span> <span class='ocrx_word' id='word_1_275' title='bbox 1173 3460 1207 3471; x_wconf 92' lang='lat'><strong>-—</strong></span> <span class='ocrx_word' id='word_1_276' title='bbox 1234 3433 1345 3486; x_wconf 86' lang='lat' dir='ltr'><strong>deditos.</strong></span> <span class='ocrx_word' id='word_1_277' title='bbox 1363 3440 1392 3485; x_wconf 91' lang='lat' dir='ltr'><strong>ut</strong></span> <span class='ocrx_word' id='word_1_278' title='bbox 1409 3432 1514 3484; x_wconf 81' lang='lat' dir='ltr'><strong>abunde</strong></span> <span class='ocrx_word' id='word_1_279' title='bbox 1531 3432 1662 3484; x_wconf 84' lang='lat' dir='ltr'><strong>deditos</strong></span> <span class='ocrx_word' id='word_1_280' title='bbox 1678 3430 1711 3482; x_wconf 73' lang='lat' dir='ltr'><strong>F.</strong></span> 
     </span>
     <span class='ocr_line' id='line_1_31' title="bbox 632 3498 1712 3563; baseline -0.003 -9"><span class='ocrx_word' id='word_1_281' title='bbox 632 3501 704 3554; x_wconf 78' lang='lat' dir='ltr'><strong>sciuit</strong></span> <span class='ocrx_word' id='word_1_282' title='bbox 721 3498 1136 3563; x_wconf 77' lang='lat' dir='ltr'><strong>Mss.1)101m‚,nenmanae“</strong></span> <span class='ocrx_word' id='word_1_283' title='bbox 1155 3500 1227 3551; x_wconf 82' lang='lat' dir='ltr'><strong>llod.</strong></span> <span class='ocrx_word' id='word_1_284' title='bbox 1247 3502 1266 3552; x_wconf 89' lang='lat' dir='ltr'><strong>l.</strong></span> <span class='ocrx_word' id='word_1_285' title='bbox 1286 3517 1310 3551; x_wconf 92' lang='lat' dir='ltr'><strong>c.</strong></span> <span class='ocrx_word' id='word_1_286' title='bbox 1342 3517 1405 3552; x_wconf 86' lang='lat' dir='ltr'><strong>non</strong></span> <span class='ocrx_word' id='word_1_287' title='bbox 1421 3500 1532 3551; x_wconf 86' lang='lat' dir='ltr'><strong>nesciuit</strong></span> <span class='ocrx_word' id='word_1_288' title='bbox 1547 3498 1633 3550; x_wconf 76' lang='lat' dir='ltr'><strong>Edd..</strong></span> <span class='ocrx_word' id='word_1_289' title='bbox 1652 3498 1712 3551; x_wconf 78' lang='lat' dir='ltr'><strong>via.</strong></span> 
     </span>
    </p>

    <p class='ocr_par' dir='ltr' id='par_1_6' title="bbox 752 3566 1714 3636">
     <span class='ocr_line' id='line_1_32' title="bbox 752 3566 1714 3636; baseline -0.001 -16"><span class='ocrx_word' id='word_1_290' title='bbox 752 3572 779 3620; x_wconf 86' lang='grc'><strong>9.</strong></span> <span class='ocrx_word' id='word_1_291' title='bbox 814 3585 890 3636; x_wconf 63' lang='lat' dir='ltr'><strong>went</strong></span> <span class='ocrx_word' id='word_1_292' title='bbox 907 3569 948 3621; x_wconf 88' lang='lat' dir='ltr'><strong>ad</strong></span> <span class='ocrx_word' id='word_1_293' title='bbox 962 3567 1077 3620; x_wconf 72' lang='lat' dir='ltr'><strong>modun</strong></span> <span class='ocrx_word' id='word_1_294' title='bbox 1094 3574 1170 3636; x_wconf 85' lang='lat' dir='ltr'><strong>(snp.</strong></span> <span class='ocrx_word' id='word_1_295' title='bbox 1188 3569 1279 3629; x_wconf 86' lang='lat' dir='ltr'><strong>nodo)</strong></span> <span class='ocrx_word' id='word_1_296' title='bbox 1291 3567 1324 3618; x_wconf 80' lang='lat' dir='ltr'><strong>F.</strong></span> <span class='ocrx_word' id='word_1_297' title='bbox 1340 3596 1374 3607; x_wconf 96' lang='lat'><em>-</em></span> <span class='ocrx_word' id='word_1_298' title='bbox 1390 3574 1520 3621; x_wconf 80' lang='lat' dir='ltr'><strong>mutatur</strong></span> <span class='ocrx_word' id='word_1_299' title='bbox 1534 3566 1586 3618; x_wconf 80' lang='lat' dir='ltr'><strong>m.</strong></span> <span class='ocrx_word' id='word_1_300' title='bbox 1603 3592 1635 3606; x_wconf 91' lang='lat'>-</span> <span class='ocrx_word' id='word_1_301' title='bbox 1653 3567 1714 3619; x_wconf 89' lang='lat' dir='ltr'><strong>ideo</strong></span> 
     </span>
    </p>
   </div>
   <div class='ocr_carea' id='block_1_6' title="bbox 632 3733 1712 5358">
    <p class='ocr_par' dir='ltr' id='par_1_7' title="bbox 632 3733 1710 3871">
     <span class='ocr_line' id='line_1_33' title="bbox 633 3733 1710 3803; baseline 0 -16"><span class='ocrx_word' id='word_1_302' title='bbox 633 3735 989 3803; x_wconf 80' lang='lat' dir='ltr'><strong>optirnaccnscientiasdote</strong></span> <span class='ocrx_word' id='word_1_303' title='bbox 1002 3743 1103 3788; x_wconf 81' lang='lat' dir='ltr'><strong>erectus</strong></span> <span class='ocrx_word' id='word_1_304' title='bbox 1153 3742 1209 3799; x_wconf 87' lang='lat' dir='ltr'><strong>tes,</strong></span> <span class='ocrx_word' id='word_1_305' title='bbox 1245 3735 1368 3788; x_wconf 79' lang='lat' dir='ltr'><strong>alterans</strong></span> <span class='ocrx_word' id='word_1_306' title='bbox 1392 3735 1428 3789; x_wconf 86' lang='lat' dir='ltr'><strong>ad</strong></span> <span class='ocrx_word' id='word_1_307' title='bbox 1455 3734 1548 3803; x_wconf 87' lang='lat' dir='ltr'><strong>ipsam</strong></span> <span class='ocrx_word' id='word_1_308' title='bbox 1568 3733 1710 3787; x_wconf 77' lang='lat' dir='ltr'><strong>hominen</strong></span> 
     </span>
     <span class='ocr_line' id='line_1_34' title="bbox 632 3802 1263 3871; baseline -0.002 -16"><span class='ocrx_word' id='word_1_309' title='bbox 632 3802 703 3870; x_wconf 81' lang='lat' dir='ltr'><strong>pern]</strong></span> <span class='ocrx_word' id='word_1_310' title='bbox 727 3803 769 3855; x_wconf 81' lang='lat' dir='ltr'><strong>cl.</strong></span> <span class='ocrx_word' id='word_1_311' title='bbox 785 3804 812 3867; x_wconf 87' lang='lat'><strong>1,</strong></span> <span class='ocrx_word' id='word_1_312' title='bbox 831 3808 861 3864; x_wconf 82' lang='lat' dir='ltr'><strong>a,</strong></span> <span class='ocrx_word' id='word_1_313' title='bbox 878 3808 905 3853; x_wconf 80' lang='grc' dir='ltr'><strong>θ.</strong></span> <span class='ocrx_word' id='word_1_314' title='bbox 923 3806 969 3871; x_wconf 82' lang='lat' dir='ltr'><strong>pai</strong></span> <span class='ocrx_word' id='word_1_315' title='bbox 986 3804 1103 3857; x_wconf 81' lang='lat' dir='ltr'><strong>decrevit</strong></span> <span class='ocrx_word' id='word_1_316' title='bbox 1151 3802 1263 3856; x_wconf 81' lang='lat' dir='ltr'><strong>reterri.</strong></span> 
     </span>
    </p>

    <p class='ocr_par' dir='ltr' id='par_1_8' title="bbox 633 3867 1711 4679">
     <span class='ocr_line' id='line_1_35' title="bbox 633 3867 1710 3941; baseline -0.004 -19"><span class='ocrx_word' id='word_1_317' title='bbox 633 3873 735 3939; x_wconf 83' lang='lat' dir='ltr'><strong>crpcris</strong></span> <span class='ocrx_word' id='word_1_318' title='bbox 758 3873 920 3941; x_wconf 79' lang='lat' dir='ltr'><strong>cogitatione</strong></span> <span class='ocrx_word' id='word_1_319' title='bbox 939 3879 1102 3941; x_wconf 76' lang='lat' dir='ltr'><strong>purgasset</strong></span> <span class='ocrx_word' id='word_1_320' title='bbox 1185 3877 1211 3923; x_wconf 84' lang='grc'><strong>8.</strong></span> <span class='ocrx_word' id='word_1_321' title='bbox 1245 3870 1430 3938; x_wconf 83' lang='lat' dir='ltr'><strong>conscientiae]</strong></span> <span class='ocrx_word' id='word_1_322' title='bbox 1451 3869 1512 3922; x_wconf 81' lang='lat' dir='ltr'><strong>Vid.</strong></span> <span class='ocrx_word' id='word_1_323' title='bbox 1529 3874 1585 3921; x_wconf 87' lang='lat' dir='ltr'><strong>not.</strong></span> <span class='ocrx_word' id='word_1_324' title='bbox 1604 3868 1639 3921; x_wconf 88' lang='lat' dir='ltr'><strong>ad</strong></span> <span class='ocrx_word' id='word_1_325' title='bbox 1654 3867 1668 3935; x_wconf 66' lang='grc'><strong><em>5</em></strong></span> <span class='ocrx_word' id='word_1_326' title='bbox 1683 3872 1710 3919; x_wconf 83' lang='grc'><strong>6.</strong></span> 
     </span>
     <span class='ocr_line' id='line_1_36' title="bbox 633 3935 1710 4008; baseline -0.003 -19"><span class='ocrx_word' id='word_1_327' title='bbox 633 3955 659 3989; x_wconf 80' lang='lat' dir='ltr'><strong>sa</strong></span> <span class='ocrx_word' id='word_1_328' title='bbox 685 3939 859 3991; x_wconf 72' lang='lat' dir='ltr'><strong>humanorum</strong></span> <span class='ocrx_word' id='word_1_329' title='bbox 885 3943 958 4008; x_wconf 69' lang='lat' dir='ltr'><strong>iugo</strong></span> <span class='ocrx_word' id='word_1_330' title='bbox 985 3941 1048 3991; x_wconf 85' lang='lat' dir='ltr'><strong>solis</strong></span> <span class='ocrx_word' id='word_1_331' title='bbox 1074 3956 1102 3991; x_wconf 87' lang='lat' dir='ltr'><strong>se</strong></span> <span class='ocrx_word' id='word_1_332' title='bbox 1185 3940 1314 4007; x_wconf 79' lang='lat' dir='ltr'><strong>multique</strong></span> <span class='ocrx_word' id='word_1_333' title='bbox 1339 3939 1398 4005; x_wconf 85' lang='lat' dir='ltr'><strong>alii]</strong></span> <span class='ocrx_word' id='word_1_334' title='bbox 1426 3937 1530 4000; x_wconf 86' lang='lat' dir='ltr'><strong>„Talis</strong></span> <span class='ocrx_word' id='word_1_335' title='bbox 1558 3938 1609 3989; x_wconf 86' lang='lat' dir='ltr'><strong>ille</strong></span> <span class='ocrx_word' id='word_1_336' title='bbox 1636 3935 1710 4002; x_wconf 78' lang='lat' dir='ltr'><strong>apud</strong></span> 
     </span>
     <span class='ocr_line' id='line_1_37' title="bbox 633 4001 1708 4073; baseline -0.004 -16"><span class='ocrx_word' id='word_1_337' title='bbox 633 4022 654 4057; x_wconf 73' lang='lat' dir='ltr'><strong>*e</strong></span> <span class='ocrx_word' id='word_1_338' title='bbox 672 4006 828 4058; x_wconf 78' lang='lat' dir='ltr'><strong>diuinis-</strong></span> <span class='ocrx_word' id='word_1_339' title='bbox 851 4008 1017 4060; x_wconf 76' lang='lat' dir='ltr'><strong>Conscientia</strong></span> <span class='ocrx_word' id='word_1_340' title='bbox 1033 4010 1061 4059; x_wconf 84' lang='lat' dir='ltr'><strong>lr.</strong></span> <span class='ocrx_word' id='word_1_341' title='bbox 1080 4009 1099 4059; x_wconf 90' lang='lat' dir='ltr'><strong>l.</strong></span> <span class='ocrx_word' id='word_1_342' title='bbox 1152 4007 1286 4058; x_wconf 87' lang='lat' dir='ltr'><strong>Tacitum</strong></span> <span class='ocrx_word' id='word_1_343' title='bbox 1318 4005 1404 4073; x_wconf 84' lang='lat' dir='ltr'><strong>[llist.</strong></span> <span class='ocrx_word' id='word_1_344' title='bbox 1431 4005 1482 4067; x_wconf 84' lang='lat' dir='ltr'><strong>IV,</strong></span> <span class='ocrx_word' id='word_1_345' title='bbox 1511 4009 1552 4064; x_wconf 84' lang='lat'><strong>5.)</strong></span> <span class='ocrx_word' id='word_1_346' title='bbox 1578 4001 1708 4056; x_wconf 78' lang='lat' dir='ltr'><strong>Priscus:</strong></span> 
     </span>
     <span class='ocr_line' id='line_1_38' title="bbox 633 4071 1709 4140; baseline -0.003 -16"><span class='ocrx_word' id='word_1_347' title='bbox 633 4089 665 4124; x_wconf 86' lang='lat' dir='ltr'><strong>ur</strong></span> <span class='ocrx_word' id='word_1_348' title='bbox 682 4074 716 4124; x_wconf 83' lang='lat' dir='ltr'><strong>ad</strong></span> <span class='ocrx_word' id='word_1_349' title='bbox 736 4074 823 4126; x_wconf 86' lang='lat' dir='ltr'><strong>animi</strong></span> <span class='ocrx_word' id='word_1_350' title='bbox 840 4074 974 4133; x_wconf 78' lang='lat' dir='ltr'><strong>indolem.</strong></span> <span class='ocrx_word' id='word_1_351' title='bbox 992 4075 1029 4125; x_wconf 87' lang='lat' dir='ltr'><strong>ci.</strong></span> <span class='ocrx_word' id='word_1_352' title='bbox 1046 4076 1058 4140; x_wconf 71' lang='grc'><strong>5</strong></span> <span class='ocrx_word' id='word_1_353' title='bbox 1074 4079 1099 4125; x_wconf 84' lang='grc'><strong>8.</strong></span> <span class='ocrx_word' id='word_1_354' title='bbox 1152 4075 1293 4127; x_wconf 76' lang='lat' dir='ltr'><strong>Heluidius</strong></span> <span class='ocrx_word' id='word_1_355' title='bbox 1312 4075 1432 4135; x_wconf 85' lang='lat' dir='ltr'><strong>Priscus,</strong></span> <span class='ocrx_word' id='word_1_356' title='bbox 1449 4071 1553 4137; x_wconf 83' lang='lat' dir='ltr'><strong>inquit,</strong></span> <span class='ocrx_word' id='word_1_357' title='bbox 1572 4072 1709 4139; x_wconf 83' lang='lat' dir='ltr'><strong>ingenium</strong></span> 
     </span>
     <span class='ocr_line' id='line_1_39' title="bbox 633 4138 1711 4194; baseline -0.002 -4"><span class='ocrx_word' id='word_1_358' title='bbox 633 4139 666 4192; x_wconf 60' lang='lat' dir='ltr'><strong>rio</strong></span> <span class='ocrx_word' id='word_1_359' title='bbox 687 4140 772 4192; x_wconf 81' lang='lat' dir='ltr'><strong>nutus</strong></span> <span class='ocrx_word' id='word_1_360' title='bbox 800 4142 971 4194; x_wconf 79' lang='lat' dir='ltr'><strong>substantivi</strong></span> <span class='ocrx_word' id='word_1_361' title='bbox 1001 4149 1029 4193; x_wconf 85' lang='lat' dir='ltr'><strong>ct</strong></span> <span class='ocrx_word' id='word_1_362' title='bbox 1051 4142 1101 4193; x_wconf 85' lang='lat' dir='ltr'><strong>ad·</strong></span> <span class='ocrx_word' id='word_1_363' title='bbox 1150 4143 1262 4193; x_wconf 83' lang='lat' dir='ltr'><strong>inlustre</strong></span> <span class='ocrx_word' id='word_1_364' title='bbox 1275 4141 1413 4191; x_wconf 74' lang='lat' dir='ltr'><strong>altioribus</strong></span> <span class='ocrx_word' id='word_1_365' title='bbox 1428 4139 1524 4190; x_wconf 88' lang='lat' dir='ltr'><strong>studiis</strong></span> <span class='ocrx_word' id='word_1_366' title='bbox 1540 4138 1643 4189; x_wconf 82' lang='lat' dir='ltr'><strong>iuuenis</strong></span> <span class='ocrx_word' id='word_1_367' title='bbox 1659 4138 1711 4188; x_wconf 89' lang='lat' dir='ltr'><strong>ad-</strong></span> 
     </span>
     <span class='ocr_line' id='line_1_40' title="bbox 633 4205 1711 4272; baseline -0.004 -13"><span class='ocrx_word' id='word_1_368' title='bbox 633 4207 640 4259; x_wconf 88' lang='lat' dir='ltr'><strong>i</strong></span> <span class='ocrx_word' id='word_1_369' title='bbox 669 4210 788 4260; x_wconf 87' lang='lat' dir='ltr'><strong>conscius</strong></span> <span class='ocrx_word' id='word_1_370' title='bbox 817 4226 871 4261; x_wconf 89' lang='lat' dir='ltr'><strong>usu</strong></span> <span class='ocrx_word' id='word_1_371' title='bbox 900 4209 957 4261; x_wconf 85' lang='lat' dir='ltr'><strong>vid.</strong></span> <span class='ocrx_word' id='word_1_372' title='bbox 984 4213 1040 4261; x_wconf 87' lang='lat' dir='ltr'><strong>not.</strong></span> <span class='ocrx_word' id='word_1_373' title='bbox 1066 4209 1100 4268; x_wconf 85' lang='lat' dir='ltr'><strong>ad</strong></span> <span class='ocrx_word' id='word_1_374' title='bbox 1150 4211 1256 4260; x_wconf 85' lang='lat' dir='ltr'><strong>modurn</strong></span> <span class='ocrx_word' id='word_1_375' title='bbox 1275 4208 1363 4259; x_wconf 81' lang='lat' dir='ltr'><strong>dedit:</strong></span> <span class='ocrx_word' id='word_1_376' title='bbox 1394 4224 1448 4257; x_wconf 90' lang='lat' dir='ltr'><strong>non</strong></span> <span class='ocrx_word' id='word_1_377' title='bbox 1467 4213 1497 4256; x_wconf 90' lang='lat' dir='ltr'><strong>ut</strong></span> <span class='ocrx_word' id='word_1_378' title='bbox 1515 4205 1648 4272; x_wconf 80' lang='lat' dir='ltr'><strong>plerique,</strong></span> <span class='ocrx_word' id='word_1_379' title='bbox 1681 4211 1711 4255; x_wconf 89' lang='lat' dir='ltr'><strong>ut</strong></span> 
     </span>
     <span class='ocr_line' id='line_1_41' title="bbox 635 4271 1710 4342; baseline -0.004 -16"><span class='ocrx_word' id='word_1_380' title='bbox 635 4312 644 4337; x_wconf 95' lang='lat'><strong>,</strong></span> <span class='ocrx_word' id='word_1_381' title='bbox 664 4278 689 4339; x_wconf 78' lang='grc'><strong>9,</strong></span> <span class='ocrx_word' id='word_1_382' title='bbox 707 4281 734 4325; x_wconf 80' lang='grc'><strong>8.</strong></span> <span class='ocrx_word' id='word_1_383' title='bbox 1151 4276 1255 4328; x_wconf 82' lang='lat' dir='ltr'><strong>nomine</strong></span> <span class='ocrx_word' id='word_1_384' title='bbox 1270 4289 1353 4342; x_wconf 77' lang='lat' dir='ltr'><strong>segne</strong></span> <span class='ocrx_word' id='word_1_385' title='bbox 1369 4274 1451 4325; x_wconf 85' lang='lat' dir='ltr'><strong>otiarn</strong></span> <span class='ocrx_word' id='word_1_386' title='bbox 1467 4272 1580 4333; x_wconf 80' lang='lat' dir='ltr'><strong>astaret,</strong></span> <span class='ocrx_word' id='word_1_387' title='bbox 1598 4271 1645 4322; x_wconf 87' lang='lat' dir='ltr'><strong>scd</strong></span> <span class='ocrx_word' id='word_1_388' title='bbox 1659 4287 1710 4337; x_wconf 79' lang='lat' dir='ltr'><strong>quo</strong></span> 
     </span>
     <span class='ocr_line' id='line_1_42' title="bbox 633 4339 1710 4409; baseline -0.004 -16"><span class='ocrx_word' id='word_1_389' title='bbox 633 4343 669 4393; x_wconf 85' lang='lat' dir='ltr'><strong>ius</strong></span> <span class='ocrx_word' id='word_1_390' title='bbox 680 4341 847 4408; x_wconf 84' lang='lat' dir='ltr'><strong>caducorum]</strong></span> <span class='ocrx_word' id='word_1_391' title='bbox 865 4340 908 4395; x_wconf 83' lang='lat' dir='ltr'><strong>(li.</strong></span> <span class='ocrx_word' id='word_1_392' title='bbox 922 4341 946 4406; x_wconf 92' lang='lat' dir='ltr'><strong>l,</strong></span> <span class='ocrx_word' id='word_1_393' title='bbox 958 4346 983 4405; x_wconf 84' lang='grc'><strong>8,</strong></span> <span class='ocrx_word' id='word_1_394' title='bbox 994 4345 1019 4393; x_wconf 79' lang='grc' dir='ltr'><strong>Β.</strong></span> <span class='ocrx_word' id='word_1_395' title='bbox 1035 4358 1101 4409; x_wconf 74' lang='lat' dir='ltr'><strong>qua·</strong></span> <span class='ocrx_word' id='word_1_396' title='bbox 1144 4343 1251 4409; x_wconf 86' lang='lat' dir='ltr'><strong>firmior</strong></span> <span class='ocrx_word' id='word_1_397' title='bbox 1267 4342 1396 4393; x_wconf 79' lang='lat' dir='ltr'><strong>adsersus</strong></span> <span class='ocrx_word' id='word_1_398' title='bbox 1408 4340 1528 4406; x_wconf 77' lang='lat' dir='ltr'><strong>fortuita</strong></span> <span class='ocrx_word' id='word_1_399' title='bbox 1547 4355 1601 4391; x_wconf 88' lang='lat' dir='ltr'><strong>rem</strong></span> <span class='ocrx_word' id='word_1_400' title='bbox 1620 4339 1710 4406; x_wconf 81' lang='lat' dir='ltr'><strong>patti-</strong></span> 
     </span>
     <span class='ocr_line' id='line_1_43' title="bbox 638 4404 1710 4480; baseline -0.005 -18"><span class='ocrx_word' id='word_1_401' title='bbox 638 4410 849 4462; x_wconf 73' lang='lat' dir='ltr'><strong>humanorum</strong></span> <span class='ocrx_word' id='word_1_402' title='bbox 872 4412 971 4480; x_wconf 80' lang='lat' dir='ltr'><strong>fuga·</strong></span> <span class='ocrx_word' id='word_1_403' title='bbox 1008 4409 1101 4460; x_wconf 85' lang='lat' dir='ltr'><strong>Huius</strong></span> <span class='ocrx_word' id='word_1_404' title='bbox 1151 4404 1710 4477; x_wconf 81' lang='lat' dir='ltr'><strong>eamcapesseretetc.“Ponn.-·0m-</strong></span> 
     </span>
     <span class='ocr_line' id='line_1_44' title="bbox 633 4475 1709 4543; baseline -0.005 -13"><span class='ocrx_word' id='word_1_405' title='bbox 633 4476 761 4530; x_wconf 80' lang='lat' dir='ltr'><strong>nationis</strong></span> <span class='ocrx_word' id='word_1_406' title='bbox 786 4475 915 4543; x_wconf 84' lang='lat' dir='ltr'><strong>poeticas</strong></span> <span class='ocrx_word' id='word_1_407' title='bbox 938 4477 1008 4528; x_wconf 86' lang='lat' dir='ltr'><strong>haec</strong></span> <span class='ocrx_word' id='word_1_408' title='bbox 1031 4476 1102 4529; x_wconf 80' lang='lat' dir='ltr'><strong>affe·</strong></span> <span class='ocrx_word' id='word_1_409' title='bbox 1151 4477 1288 4542; x_wconf 79' lang='lat' dir='ltr'><strong>nestero,</strong></span> <span class='ocrx_word' id='word_1_410' title='bbox 1306 4475 1353 4542; x_wconf 87' lang='lat' dir='ltr'><strong>qui</strong></span> <span class='ocrx_word' id='word_1_411' title='bbox 1368 4475 1398 4527; x_wconf 81' lang='lat' dir='ltr'><strong>lr·</strong></span> <span class='ocrx_word' id='word_1_412' title='bbox 1415 4475 1435 4527; x_wconf 89' lang='lat'><strong>1.</strong></span> <span class='ocrx_word' id='word_1_413' title='bbox 1452 4476 1632 4527; x_wconf 88' lang='lat' dir='ltr'><strong>nominantur</strong></span> <span class='ocrx_word' id='word_1_414' title='bbox 1646 4489 1709 4525; x_wconf 88' lang='lat' dir='ltr'><strong>cum</strong></span> 
     </span>
     <span class='ocr_line' id='line_1_45' title="bbox 633 4541 1710 4611; baseline -0.004 -14"><span class='ocrx_word' id='word_1_415' title='bbox 633 4561 643 4597; x_wconf 86' lang='lat' dir='ltr'><strong>r</strong></span> <span class='ocrx_word' id='word_1_416' title='bbox 659 4546 802 4611; x_wconf 83' lang='lat' dir='ltr'><strong>exempla:</strong></span> <span class='ocrx_word' id='word_1_417' title='bbox 831 4543 884 4595; x_wconf 90' lang='lat' dir='ltr'><strong>Sil.</strong></span> <span class='ocrx_word' id='word_1_418' title='bbox 903 4544 929 4605; x_wconf 94' lang='lat' dir='ltr'><strong>l,</strong></span> <span class='ocrx_word' id='word_1_419' title='bbox 947 4548 990 4596; x_wconf 71' lang='lat'><strong>⁵7.</strong></span> <span class='ocrx_word' id='word_1_420' title='bbox 1013 4545 1100 4596; x_wconf 75' lang='lat' dir='ltr'><strong>Essa·</strong></span> <span class='ocrx_word' id='word_1_421' title='bbox 1149 4544 1215 4597; x_wconf 86' lang='lat' dir='ltr'><strong>aliis</strong></span> <span class='ocrx_word' id='word_1_422' title='bbox 1232 4543 1375 4596; x_wconf 86' lang='lat' dir='ltr'><strong>nonnullis</strong></span> <span class='ocrx_word' id='word_1_423' title='bbox 1392 4548 1593 4595; x_wconf 86' lang='lat' dir='ltr'><strong>commemorat</strong></span> <span class='ocrx_word' id='word_1_424' title='bbox 1610 4541 1710 4594; x_wconf 82' lang='lat' dir='ltr'><strong>Cicero</strong></span> 
     </span>
     <span class='ocr_line' id='line_1_46' title="bbox 633 4610 1464 4679; baseline -0.005 -15"><span class='ocrx_word' id='word_1_425' title='bbox 633 4630 639 4664; x_wconf 82' lang='lat' dir='ltr'><strong>t</strong></span> <span class='ocrx_word' id='word_1_426' title='bbox 664 4620 740 4675; x_wconf 86' lang='lat' dir='ltr'><strong>astu,</strong></span> <span class='ocrx_word' id='word_1_427' title='bbox 778 4613 823 4662; x_wconf 86' lang='lat' dir='ltr'><strong>sed</strong></span> <span class='ocrx_word' id='word_1_428' title='bbox 852 4613 967 4663; x_wconf 84' lang='lat' dir='ltr'><strong>deuius</strong></span> <span class='ocrx_word' id='word_1_429' title='bbox 994 4612 1100 4679; x_wconf 80' lang='lat' dir='ltr'><strong>aequi,</strong></span> <span class='ocrx_word' id='word_1_430' title='bbox 1150 4614 1185 4665; x_wconf 88' lang='lat' dir='ltr'><strong>de</strong></span> <span class='ocrx_word' id='word_1_431' title='bbox 1204 4616 1275 4663; x_wconf 84' lang='lat' dir='ltr'><strong>orat.</strong></span> <span class='ocrx_word' id='word_1_432' title='bbox 1294 4610 1345 4673; x_wconf 91' lang='lat' dir='ltr'><strong>lll,</strong></span> <span class='ocrx_word' id='word_1_433' title='bbox 1364 4614 1464 4672; x_wconf 75' lang='lat' dir='ltr'><strong>15,5a.</strong></span> 
     </span>
    </p>

    <p class='ocr_par' dir='ltr' id='par_1_9' title="bbox 634 4676 1712 5358">
     <span class='ocr_line' id='line_1_47' title="bbox 634 4676 1709 4748; baseline -0.006 -15"><span class='ocrx_word' id='word_1_434' title='bbox 634 4684 693 4734; x_wconf 75' lang='grc'><strong>818.</strong></span> <span class='ocrx_word' id='word_1_435' title='bbox 711 4688 820 4748; x_wconf 82' lang='lat' dir='ltr'><strong>pectora</strong></span> <span class='ocrx_word' id='word_1_436' title='bbox 838 4679 936 4731; x_wconf 85' lang='lat' dir='ltr'><strong>deuia</strong></span> <span class='ocrx_word' id='word_1_437' title='bbox 952 4681 1047 4741; x_wconf 86' lang='lat' dir='ltr'><strong>recti,</strong></span> <span class='ocrx_word' id='word_1_438' title='bbox 1072 4684 1101 4730; x_wconf 92' lang='lat' dir='ltr'><strong>et</strong></span> <span class='ocrx_word' id='word_1_439' title='bbox 1183 4681 1223 4733; x_wconf 89' lang='lat' dir='ltr'><strong>ita</strong></span> <span class='ocrx_word' id='word_1_440' title='bbox 1235 4680 1322 4730; x_wconf 74' lang='lat' dir='ltr'><strong>Rosia</strong></span> <span class='ocrx_word' id='word_1_441' title='bbox 1336 4678 1455 4745; x_wconf 86' lang='lat' dir='ltr'><strong>nesciuit]</strong></span> <span class='ocrx_word' id='word_1_442' title='bbox 1473 4676 1551 4741; x_wconf 87' lang='lat' dir='ltr'><strong>„Nos</strong></span> <span class='ocrx_word' id='word_1_443' title='bbox 1567 4681 1709 4742; x_wconf 85' lang='lat' dir='ltr'><strong>receptam</strong></span> 
     </span>
     <span class='ocr_line' id='line_1_48' title="bbox 647 4744 1711 4814; baseline -0.006 -13"><span class='ocrx_word' id='word_1_444' title='bbox 647 4748 756 4813; x_wconf 79' lang='lat' dir='ltr'><strong>Capell.</strong></span> <span class='ocrx_word' id='word_1_445' title='bbox 781 4746 838 4809; x_wconf 88' lang='grc' dir='ltr'>ΙΙΙ,</span> <span class='ocrx_word' id='word_1_446' title='bbox 868 4746 881 4811; x_wconf 65' lang='lat' dir='ltr'><strong>i</strong></span> <span class='ocrx_word' id='word_1_447' title='bbox 902 4750 963 4797; x_wconf 74' lang='lat'><strong>222.</strong></span> <span class='ocrx_word' id='word_1_448' title='bbox 985 4747 1101 4799; x_wconf 83' lang='lat' dir='ltr'><strong>deuius</strong></span> <span class='ocrx_word' id='word_1_449' title='bbox 1150 4747 1301 4800; x_wconf 84' lang='lat' dir='ltr'><strong>lectionem</strong></span> <span class='ocrx_word' id='word_1_450' title='bbox 1318 4746 1389 4814; x_wconf 82' lang='lat' dir='ltr'><strong>[non</strong></span> <span class='ocrx_word' id='word_1_451' title='bbox 1406 4744 1525 4813; x_wconf 86' lang='lat' dir='ltr'><strong>nesciuit]</strong></span> <span class='ocrx_word' id='word_1_452' title='bbox 1543 4762 1597 4797; x_wconf 88' lang='lat' dir='ltr'><strong>non</strong></span> <span class='ocrx_word' id='word_1_453' title='bbox 1618 4750 1711 4796; x_wconf 80' lang='lat' dir='ltr'><strong>masta·</strong></span> 
     </span>
     <span class='ocr_line' id='line_1_49' title="bbox 639 4812 1710 4881; baseline -0.006 -12"><span class='ocrx_word' id='word_1_454' title='bbox 639 4818 749 4869; x_wconf 85' lang='lat' dir='ltr'><strong>issies.</strong></span> <span class='ocrx_word' id='word_1_455' title='bbox 784 4813 925 4866; x_wconf 85' lang='lat' dir='ltr'><strong>Similiter</strong></span> <span class='ocrx_word' id='word_1_456' title='bbox 939 4813 1101 4866; x_wconf 86' lang='lat' dir='ltr'><strong>Macrobius</strong></span> <span class='ocrx_word' id='word_1_457' title='bbox 1150 4815 1256 4867; x_wconf 72' lang='lat' dir='ltr'><strong>rimosa</strong></span> <span class='ocrx_word' id='word_1_458' title='bbox 1281 4820 1309 4866; x_wconf 85' lang='lat' dir='ltr'><strong>et</strong></span> <span class='ocrx_word' id='word_1_459' title='bbox 1325 4814 1420 4880; x_wconf 85' lang='lat' dir='ltr'><strong>placet</strong></span> <span class='ocrx_word' id='word_1_460' title='bbox 1436 4829 1469 4865; x_wconf 85' lang='lat' dir='ltr'><strong>ea</strong></span> <span class='ocrx_word' id='word_1_461' title='bbox 1486 4814 1521 4866; x_wconf 87' lang='lat' dir='ltr'><strong>ob</strong></span> <span class='ocrx_word' id='word_1_462' title='bbox 1539 4812 1710 4881; x_wconf 82' lang='lat' dir='ltr'><strong>praeceden-</strong></span> 
     </span>
     <span class='ocr_line' id='line_1_50' title="bbox 647 4881 1711 4949; baseline -0.006 -13"><span class='ocrx_word' id='word_1_463' title='bbox 647 4888 673 4935; x_wconf 66' lang='lat'><em>2</em></span> <span class='ocrx_word' id='word_1_464' title='bbox 693 4883 765 4935; x_wconf 81' lang='lat' dir='ltr'><strong>dixit</strong></span> <span class='ocrx_word' id='word_1_465' title='bbox 782 4882 920 4933; x_wconf 83' lang='lat' dir='ltr'><strong>literarum</strong></span> <span class='ocrx_word' id='word_1_466' title='bbox 935 4882 1068 4949; x_wconf 77' lang='lat' dir='ltr'><strong>profanis.</strong></span> <span class='ocrx_word' id='word_1_467' title='bbox 1150 4882 1200 4945; x_wconf 86' lang='lat' dir='ltr'><strong>tia,</strong></span> <span class='ocrx_word' id='word_1_468' title='bbox 1214 4881 1264 4934; x_wconf 79' lang='lat' dir='ltr'><strong>abt</strong></span> <span class='ocrx_word' id='word_1_469' title='bbox 1279 4881 1353 4934; x_wconf 85' lang='lat' dir='ltr'><strong>inter</strong></span> <span class='ocrx_word' id='word_1_470' title='bbox 1366 4882 1508 4934; x_wconf 74' lang='lat' dir='ltr'><strong>Romarm</strong></span> <span class='ocrx_word' id='word_1_471' title='bbox 1521 4887 1711 4932; x_wconf 84' lang='lat' dir='ltr'><strong>memorantur</strong></span> 
     </span>
     <span class='ocr_line' id='line_1_51' title="bbox 634 4948 1711 5017; baseline -0.006 -12"><span class='ocrx_word' id='word_1_472' title='bbox 634 4952 740 5017; x_wconf 69' lang='lat' dir='ltr'><strong>ulatur]</strong></span> <span class='ocrx_word' id='word_1_473' title='bbox 766 4950 822 5016; x_wconf 81' lang='lat' dir='ltr'><strong>Qui</strong></span> <span class='ocrx_word' id='word_1_474' title='bbox 845 4950 1019 5016; x_wconf 89' lang='lat' dir='ltr'><strong>scripserunt</strong></span> <span class='ocrx_word' id='word_1_475' title='bbox 1040 4950 1101 5001; x_wconf 79' lang='lat' dir='ltr'><strong>sud·</strong></span> <span class='ocrx_word' id='word_1_476' title='bbox 1148 4949 1255 5013; x_wconf 77' lang='lat' dir='ltr'><strong>Nosne,</strong></span> <span class='ocrx_word' id='word_1_477' title='bbox 1292 4949 1413 5001; x_wconf 84' lang='lat' dir='ltr'><strong>Catones</strong></span> <span class='ocrx_word' id='word_1_478' title='bbox 1442 4950 1537 5012; x_wconf 79' lang='lat' dir='ltr'><strong>ambo,</strong></span> <span class='ocrx_word' id='word_1_479' title='bbox 1573 4948 1711 5014; x_wconf 86' lang='lat' dir='ltr'><strong>multique</strong></span> 
     </span>
     <span class='ocr_line' id='line_1_52' title="bbox 634 5015 1712 5086; baseline -0.005 -16"><span class='ocrx_word' id='word_1_480' title='bbox 634 5037 659 5086; x_wconf 88' lang='lat' dir='ltr'><strong>r,</strong></span> <span class='ocrx_word' id='word_1_481' title='bbox 677 5019 698 5070; x_wconf 89' lang='lat' dir='ltr'><strong>ii</strong></span> <span class='ocrx_word' id='word_1_482' title='bbox 718 5025 833 5085; x_wconf 86' lang='lat' dir='ltr'><strong>propter</strong></span> <span class='ocrx_word' id='word_1_483' title='bbox 851 5016 1020 5069; x_wconf 81' lang='lat' dir='ltr'><strong>antecedens</strong></span> <span class='ocrx_word' id='word_1_484' title='bbox 1038 5033 1102 5068; x_wconf 83' lang='lat' dir='ltr'><strong>ver·</strong></span> <span class='ocrx_word' id='word_1_485' title='bbox 1149 5017 1202 5071; x_wconf 86' lang='lat' dir='ltr'><strong>alii</strong></span> <span class='ocrx_word' id='word_1_486' title='bbox 1216 5017 1265 5085; x_wconf 89' lang='lat' dir='ltr'><strong>qai</strong></span> <span class='ocrx_word' id='word_1_487' title='bbox 1282 5022 1311 5070; x_wconf 88' lang='lat' dir='ltr'><strong>et</strong></span> <span class='ocrx_word' id='word_1_488' title='bbox 1326 5015 1538 5083; x_wconf 80' lang='lat' dir='ltr'><strong>philosophiam</strong></span> <span class='ocrx_word' id='word_1_489' title='bbox 1556 5016 1712 5067; x_wconf 86' lang='lat' dir='ltr'><strong>lsaaserunt</strong></span> 
     </span>
     <span class='ocr_line' id='line_1_53' title="bbox 634 5080 1712 5151; baseline -0.004 -15"><span class='ocrx_word' id='word_1_490' title='bbox 634 5088 692 5140; x_wconf 67' lang='lat' dir='ltr'><strong>radit</strong></span> <span class='ocrx_word' id='word_1_491' title='bbox 709 5089 736 5151; x_wconf 68' lang='lat' dir='ltr'><strong>(i</strong></span> <span class='ocrx_word' id='word_1_492' title='bbox 753 5092 792 5147; x_wconf 81' lang='lat'><strong>5.)</strong></span> <span class='ocrx_word' id='word_1_493' title='bbox 811 5085 985 5137; x_wconf 84' lang='lat' dir='ltr'><strong>hoclacisse</strong></span> <span class='ocrx_word' id='word_1_494' title='bbox 1002 5082 1101 5136; x_wconf 82' lang='lat' dir='ltr'><strong>viden·</strong></span> <span class='ocrx_word' id='word_1_495' title='bbox 1151 5084 1239 5139; x_wconf 79' lang='lat' dir='ltr'><strong>altius</strong></span> <span class='ocrx_word' id='word_1_496' title='bbox 1261 5091 1291 5137; x_wconf 86' lang='lat' dir='ltr'><strong>ot</strong></span> <span class='ocrx_word' id='word_1_497' title='bbox 1318 5084 1524 5137; x_wconf 80' lang='lat' dir='ltr'><strong>firmamentum</strong></span> <span class='ocrx_word' id='word_1_498' title='bbox 1547 5084 1589 5135; x_wconf 88' lang='lat' dir='ltr'><strong>rei</strong></span> <span class='ocrx_word' id='word_1_499' title='bbox 1616 5080 1712 5149; x_wconf 74' lang='lat' dir='ltr'><strong>polili-</strong></span> 
     </span>
     <span class='ocr_line' id='line_1_54' title="bbox 634 5148 1711 5222; baseline -0.007 -16"><span class='ocrx_word' id='word_1_500' title='bbox 634 5153 668 5206; x_wconf 80' lang='lat' dir='ltr'><strong>st</strong></span> <span class='ocrx_word' id='word_1_501' title='bbox 685 5159 839 5221; x_wconf 87' lang='lat' dir='ltr'><strong>temporum</strong></span> <span class='ocrx_word' id='word_1_502' title='bbox 855 5152 995 5205; x_wconf 83' lang='lat' dir='ltr'><strong>dissensio</strong></span> <span class='ocrx_word' id='word_1_503' title='bbox 1013 5152 1103 5205; x_wconf 84' lang='lat' dir='ltr'><strong>nomi·</strong></span> <span class='ocrx_word' id='word_1_504' title='bbox 1151 5169 1201 5206; x_wconf 81' lang='lat' dir='ltr'><strong>cae</strong></span> <span class='ocrx_word' id='word_1_505' title='bbox 1219 5153 1439 5222; x_wconf 75' lang='lat' dir='ltr'><strong>praebuerant.“</strong></span> <span class='ocrx_word' id='word_1_506' title='bbox 1462 5151 1550 5204; x_wconf 78' lang='lat' dir='ltr'><strong>Parin.</strong></span> <span class='ocrx_word' id='word_1_507' title='bbox 1567 5177 1600 5188; x_wconf 96' lang='lat'><em>-</em></span> <span class='ocrx_word' id='word_1_508' title='bbox 1619 5150 1654 5199; x_wconf 77' lang='lat' dir='ltr'><strong>At</strong></span> <span class='ocrx_word' id='word_1_509' title='bbox 1675 5148 1711 5199; x_wconf 89' lang='lat' dir='ltr'><strong>de</strong></span> 
     </span>
     <span class='ocr_line' id='line_1_55' title="bbox 634 5214 1711 5289; baseline -0.006 -17"><span class='ocrx_word' id='word_1_510' title='bbox 634 5217 759 5283; x_wconf 68' lang='lat' dir='ltr'><strong>offendat,</strong></span> <span class='ocrx_word' id='word_1_511' title='bbox 777 5221 956 5289; x_wconf 84' lang='lat' dir='ltr'><strong>quiquidem</strong></span> <span class='ocrx_word' id='word_1_512' title='bbox 974 5220 1100 5274; x_wconf 88' lang='lat' dir='ltr'><strong>conside·</strong></span> <span class='ocrx_word' id='word_1_513' title='bbox 1150 5220 1213 5273; x_wconf 90' lang='lat' dir='ltr'><strong>illis</strong></span> <span class='ocrx_word' id='word_1_514' title='bbox 1230 5220 1287 5273; x_wconf 85' lang='lat' dir='ltr'><strong>iam</strong></span> <span class='ocrx_word' id='word_1_515' title='bbox 1303 5236 1358 5272; x_wconf 89' lang='lat' dir='ltr'><strong>non</strong></span> <span class='ocrx_word' id='word_1_516' title='bbox 1376 5224 1420 5272; x_wconf 85' lang='lat' dir='ltr'><strong>est</strong></span> <span class='ocrx_word' id='word_1_517' title='bbox 1437 5235 1540 5282; x_wconf 82' lang='lat' dir='ltr'><strong>sermo,</strong></span> <span class='ocrx_word' id='word_1_518' title='bbox 1558 5216 1607 5269; x_wconf 86' lang='lat' dir='ltr'><strong>sed</strong></span> <span class='ocrx_word' id='word_1_519' title='bbox 1625 5216 1659 5266; x_wconf 90' lang='lat' dir='ltr'><strong>de</strong></span> <span class='ocrx_word' id='word_1_520' title='bbox 1673 5214 1711 5267; x_wconf 88' lang='lat' dir='ltr'><strong>iis</strong></span> 
     </span>
     <span class='ocr_line' id='line_1_56' title="bbox 634 5283 1710 5358; baseline -0.007 -16"><span class='ocrx_word' id='word_1_521' title='bbox 634 5289 652 5344; x_wconf 83' lang='lat' dir='ltr'><strong>&#39;n</strong></span> <span class='ocrx_word' id='word_1_522' title='bbox 675 5289 796 5342; x_wconf 79' lang='lat' dir='ltr'><strong>alterurn</strong></span> <span class='ocrx_word' id='word_1_523' title='bbox 818 5291 934 5346; x_wconf 80' lang='lat' dir='ltr'><strong>verbum</strong></span> <span class='ocrx_word' id='word_1_524' title='bbox 955 5288 991 5344; x_wconf 86' lang='lat' dir='ltr'><strong>ad</strong></span> <span class='ocrx_word' id='word_1_525' title='bbox 1013 5289 1104 5344; x_wconf 84' lang='lat' dir='ltr'><strong>virtu·</strong></span> <span class='ocrx_word' id='word_1_526' title='bbox 1152 5288 1201 5358; x_wconf 85' lang='lat' dir='ltr'><strong>qui</strong></span> <span class='ocrx_word' id='word_1_527' title='bbox 1228 5288 1281 5344; x_wconf 86' lang='lat' dir='ltr'><strong>soli</strong></span> <span class='ocrx_word' id='word_1_528' title='bbox 1306 5287 1455 5358; x_wconf 79' lang='lat' dir='ltr'><strong>sapientias</strong></span> <span class='ocrx_word' id='word_1_529' title='bbox 1477 5287 1530 5342; x_wconf 87' lang='lat' dir='ltr'><strong>otio</strong></span> <span class='ocrx_word' id='word_1_530' title='bbox 1557 5283 1641 5339; x_wconf 84' lang='lat' dir='ltr'><strong>dediti</strong></span> <span class='ocrx_word' id='word_1_531' title='bbox 1666 5283 1710 5337; x_wconf 87' lang='lat' dir='ltr'><strong>lu·</strong></span> 
     </span>
    </p>
   </div>
   <div class='ocr_carea' id='block_1_7' title="bbox 0 0 2553 6420">
    <p class='ocr_par' dir='ltr' id='par_1_10' title="bbox 0 0 2553 6420">
     <span class='ocr_line' id='line_1_57' title="bbox 0 0 2553 6420; baseline 0 0"><span class='ocrx_word' id='word_1_532' title='bbox 0 0 2553 6420; x_wconf 95' lang='lat' dir='ltr'><strong> </strong></span> 
     </span>
    </p>
   </div>
  </div>
 </body>
</html>
