5092 6425
659 917 717 985 DE
734 916 840 983 DlFF.
853 914 908 982 ET
927 912 1016 981 SOC.
1030 910 1187 981 GRAECI
1206 908 1337 990 Lato.
1356 911 1491 979 VERBI.
1533 915 1619 980 xm
1639 915 1723 983 xlv.
1764 917 1827 985 251

659 1085 793 1238 potionis
818 1083 934 1150 iaciunt
959 1084 998 1146 Π
1012 1079 1069 1147 καλ
1094 1082 1125 1144 Τ
1147 1100 1227 1178 quae
1254 1079 1287 1145 in
1313 1081 1482 1166 praesentis
1501 1082 1609 1232 prima
1633 1103 1764 1168 persona
1794 1090 1829 1151 Ω

673 1196 681 1236 Ι

684 1181 783 1237 teram
804 1168 1007 1236 antecedunt:
1042 1186 1122 1252 quae
1144 1186 1230 1250 sigua
1249 1165 1360 1231 desunt
1382 1175 1414 1232 et
1432 1166 1464 1231 in
1481 1189 1500 1232 τ
1515 1190 1604 1253 τοφα
1622 1176 1654 1233 et
1674 1169 1707 1233 iu
1729 1168 1830 1249 ἔτυψε

659 1265 691 1323 et
713 1258 745 1321 in
766 1252 869 1332 τῶψω.
914 1250 1010 1336 Λέγω
1032 1259 1159 1337 propter
1175 1254 1209 1314 Γ
1220 1251 1373 1316 secundae
1390 1260 1446 1327 est,
1468 1253 1551 1339 quod
1572 1252 1693 1338 signnm
1716 1254 1830 1323 hahere

658 1342 772 1407 desinit
801 1341 833 1405 in
860 1333 972 1421 λέλεχα
1003 1332 1094 1415 έλεξα
1121 1330 1220 1412 λέξωε
1260 1334 1305 1400 sio
1332 1336 1364 1401 in
1392 1337 1519 1423 reliquis
1552 1340 1830 1423 coniugationibus.

658 1429 810 1494 Praesens
837 1432 960 1508 tempus
988 1421 1124 1488 ostendit
1158 1428 1190 1485 et
1223 1441 1336 1506 genera
1360 1422 1542 1488 verborum.
1584 1423 1661 1491 Nam
1695 1427 1828 1493 activum
1841 1433 1880 1500 13

657 1520 712 1579 aut
734 1519 878 1577 neutrum
903 1507 1040 1574 Graecus
1062 1505 1225 1590 intellegit,
1247 1506 1326 1571 siin
1350 1507 1384 1570 Ω
1407 1506 1552 1592 praesens
1571 1508 1704 1575 desinat:
1739 1529 1867 1598 pas-[sor

658 1598 758 1662 sirum
781 1595 828 1661 vel
852 1613 1016 1659 commune
1039 1600 1071 1658 et
1092 1591 1140 1656 his
1162 1590 1290 1669 similia,
1322 1590 1401 1657 siin
1424 1595 1526 1657 MAI.
1573 1594 1755 1662 Declinandi
1776 1535 1881 1667 rau-ld

658 1689 721 1748 tem
744 1680 830 1747 verbi
851 1678 947 1744 series
969 1698 1032 1742 uon
1056 1676 1116 1741 nisi
1135 1696 1206 1740 eum
1228 1674 1267 1741 de
1288 1675 1387 1742 modis
1408 1684 1556 1744 tractatur
1576 1689 1718 1765 apparet,
1758 1682 1830 1748 hino

658 1766 769 1833 modus
793 1763 875 1851 apud
896 1761 1031 1828 Graecos
1053 1757 1193 1844 ἔγκλισις
1215 1770 1426 1845 nuncupatur,
1455 1762 1485 1827 id
1506 1771 1554 1828 est
1575 1760 1611 1828 έν
1630 1751 1658 1851 pi
1676 1760 1697 1850 ή
1716 1767 1829 1845 κλίσις.

947 1847 1030 1913 XIV.
1073 1847 1122 1912 De
1146 1844 1350 1911 declinatione
1378 1846 1541 1919 indicativi.

745 1933 849 1999 Omne
869 1931 951 2017 apud
971 1931 1105 1997 Graecos
1124 1930 1252 1997 verbum
1275 1931 1474 1997 indicativum
1495 1933 1527 1998 in
1547 1935 1582 1996 Ω
1603 1933 1756 2012 desinens,
1775 1958 1831 2003 seu
1864 1942 1879 2005 1

658 2019 832 2103 harytonon
854 2037 910 2083 seu
928 2016 1178 2102 perispomenum
1201 2017 1255 2092 sit,
1281 2036 1338 2081 seu
1358 2018 1529 2101 praesentis
1551 2038 1607 2082 seu
1628 2019 1740 2097 futuri,
1765 2042 1831 2087 orn-

660 2102 787 2168 uimodo
814 2104 846 2167 in
873 2101 1024 2166 secundae
1050 2120 1201 2188 personae
1227 2101 1289 2164 fine
1317 2099 1543 2186 diphthongum
1569 2102 1681 2168 haheat
1707 2122 1832 2172 neeesse

660 2195 716 2265 est,
738 2187 767 2253 id
789 2196 836 2252 est
857 2187 937 2250 ἰῶτα
957 2187 1004 2252 vel
1025 2208 1095 2253 curn
1117 2189 1158 2264 E,
1182 2191 1218 2249 ut
1237 2189 1351 2264 ποιεῖς,
1373 2185 1420 2250 vel
1442 2206 1511 2252 oum
1534 2191 1576 2266 A,
1598 2195 1635 2252 ut
1651 2190 1754 2276 τιμᾷς,
1782 2192 1830 2257 rel

660 2293 731 2338 cum
758 2274 800 2352 0,
832 2280 867 2338 ut
888 2272 908 2336 d
929 2274 1017 2347 λοῖς.·
1059 2271 1091 2335 in
1113 2268 1198 2335 omni
1220 2276 1324 2336 autem
1346 2269 1451 2336 futuro
1473 2292 1543 2336 oum
1566 2276 1612 2350 E,
1650 2280 1686 2338 ut
1704 2271 1832 2359 νοήσεις

660 2356 789 2441 βοήσεις
813 2370 990 2442 χρυσωσεις
1017 2352 1119 2433 λέξεις
1145 2351 1265 2431 rddere.
1310 2357 1387 2420 Item
1416 2355 1448 2419 in
1477 2357 1563 2421 omni
1590 2356 1709 2423 Graeco
1737 2361 1831 2426 verbo
1861 2368 1883 2431 2

660 2444 748 2509 ouius
769 2442 867 2528 prima
890 2441 1003 2528 positio
1026 2441 1058 2506 in
1083 2442 1117 2505 Ω
1140 2439 1252 2505 desinit
1275 2439 1407 2505 secunda
1436 2461 1567 2527 persona
1593 2443 1705 2509 amisso
1733 2449 1833 2529 σῖγμα

660 2528 782 2594 tertiam
811 2527 890 2593 iacit
935 2526 1038 2592 Omne
1064 2526 1192 2592 verbum
1221 2525 1253 2590 iu
1279 2527 1314 2589 Ω
1336 2524 1480 2591 desinens
1509 2527 1731 2614 cuiuscumque
1760 2550 1832 2596 oon·
1862 2536 1883 2621 ρ

661 2612 826 2699 iugationis
857 2620 888 2677 et
916 2611 1065 2698 temporis
1094 2610 1303 2694 λσοσυλλαβεῖ
1326 2610 1358 2675 in
1384 2610 1484 2697 prima
1518 2613 1651 2678 secunda
1685 2622 1717 2679 et
1742 2617 1833 2681 tertia

660 2719 807 2784 persona,
843 2699 928 2762 ποιῶ
948 2702 1052 2774 ποιεῖς
1078 2701 1179 2776 ποιεῖ,
1218 2692 1383 2777 έῶέρᾶς
1405 2693 1483 2784 ἐρᾷ,
1521 2694 1655 2784 ἅργυρῶ
1675 2695 1834 2785 ἀργυροῖς

661 2779 803 2869 ἀργυροῖ
808 2833 817 2863 ,
851 2779 935 2867 λέγω
956 2779 1059 2866 λέγεις
1079 2779 1180 2866 λέγει,
1215 2719 1299 2861 λέξω
1321 2759 1423 2859 λέξεις
1444 2780 1546 2863 λέξει,
1575 2781 1685 2869 νοήσω
1706 2782 1835 2871 νοήσεις

661 2866 781 2967 νοήσει.
824 2869 861 2934 lu
879 2869 981 2935 verbis
1003 2867 1035 2933 in
1057 2870 1092 2932 Ω
1113 2867 1326 2966 desinentihus
1343 2867 1442 2953 prima
1465 2868 1591 2968 pluralis
1612 2870 1747 2969 aprima
1771 2872 1833 2936 siu·
1863 2876 1884 2941 4

662 2951 1314 3121 tlt{tritttttttltlatJttt·
1337 2953 1674 3104 ltrttttlntt
1694 2964 1834 3127 tlt?

664 3128 814 3198 mutatur,
833 3128 869 3185 ut
888 3120 920 3185 iu
938 3120 1071 3186 secunda
1093 3116 1365 3205 περισπωμένων,
1384 3121 1452 3203 βοῶ
1472 3123 1614 3205 βοῶμεν,
1634 3127 1717 3206 τιμῶ
1737 3127 1834 3209 τιμῶ-

663 3228 733 3289 μεν,
755 3204 848 3271 modo
872 3207 906 3269 Ω
927 3204 959 3270 in
982 3206 1044 3270 ΟΥ
1059 3204 1286 3293 diphthongum
1308 3211 1472 3286 mutantes,
1493 3214 1530 3272 ut
1550 3207 1582 3271 iu
1602 3208 1702 3293 prima
1716 3218 1756 3287 et
1773 3219 1834 3276 ter·

662 3291 706 3357 tia
727 3286 998 3375 περισπωμένων,
1023 3292 1091 3355 νοῶ
1111 3290 1267 3373 νοοῦμεν,
1295 3291 1428 3375 φανερῶ
1448 3293 1674 3377 φανεροῶμενε
1712 3292 1744 3358 in
1764 3295 1834 3360 reli·

686 3376 734 3443 uis
763 3384 884 3454 autem,
922 3376 954 3441 id
974 3382 1022 3442 est
1048 3375 1206 3463 berytonis
1228 3375 1373 3441 omnihus
1394 3375 1441 3441 rel
1465 3376 1557 3442 etiarn
1580 3375 1835 3462 περισπωμένων

664 3398 793 3539 duturis,
819 3464 854 3525 Ω
876 3462 908 3526 iu
935 3463 964 3524 0
985 3460 1220 3536 transferentes,
1245 3456 1331 3543 λέγω
1351 3457 1503 3544 λέγομεν,
1528 3457 1631 3546 τρέχω
1649 3460 1886 3556 τρέχομενχερτ]

663 3541 836 3631 θεραπεύω
856 3541 1097 3632 θεραπεύομεν,
1117 3539 1247 3627 λαλήσω
1269 3541 1466 3628 λαλήσομεν,
1489 3542 1575 3611 έοῖσω
1597 3542 1750 3630 ἐάσομεν,
1776 3546 1835 3635 νέρ-

663 3627 803 3716 γυρῶσω
825 3626 1067 3716 ἄργορῶσομεν.
1111 3629 1252 3695 Secunda
1271 3630 1398 3716 pluralis
1420 3651 1437 3695 a
1458 3632 1548 3697 tertia
1570 3633 1716 3718 singulari
1738 3636 1835 3700 nasei·
1865 3637 1886 3704 5

665 3726 732 3782 tur:
760 3716 877 3802 primae
900 3716 1024 3801 quidem
1046 3724 1078 3781 et
1099 3714 1251 3781 secundae
1271 3715 1410 3801 syzygiae
1431 3715 1688 3803 περισπωμένων
1709 3719 1836 3786 instanti

671 3804 730 3866 TE
751 3800 913 3880 addentes,
940 3804 1029 3866 ποιεῖ
1045 3804 1181 3879 ποιεῖτε,
1207 3800 1270 3887 βοᾷ
1288 3800 1400 3883 βοᾶτε,
1428 3800 1461 3867 in
1484 3802 1575 3869 tertia
1596 3824 1671 3869 vero
1690 3804 1836 3872 ultimum

667 3886 800 3953 laisein
827 3890 856 3949 Y
874 3893 1029 3952 mutantes
1051 3894 1083 3953 et
1102 3885 1185 3951 idem
1212 3887 1272 3949 TE
1292 3884 1456 3965 addentes,
1475 3892 1596 3972 χρυσοῖ
1611 3890 1786 3974 χρυσοῦτεε
1805 3898 1837 3957 at

666 3972 698 4036 in
727 3972 871 4036 omnibus
895 3970 1053 4057 harytonis
1083 3977 1115 4038 et
1141 3971 1174 4036 in
1201 3968 1457 4054 περισπωμένων
1484 3973 1597 4039 futuris
1628 3974 1729 4058 ipsum
1758 3975 1838 4040 ἰῶτα

665 4055 810 4122 ultimum
831 4056 1027 4122 detrahentes
1054 4063 1087 4120 et
1111 4054 1240 4120 eandem
1265 4055 1413 4136 addentes
1438 4057 1584 4142 syllabam
1613 4061 1685 4137 TE,
1720 4055 1838 4142 πέμπει

665 4135 813 4222 πέμπετε,
829 4136 934 4224 τρέχει
950 4137 1084 4224 τρέχετε,
1106 4134 1240 4203 ἅθλεύει
1259 4136 1421 4219 ἀθλεύετε,
1437 4138 1564 4224 ποιήσει
1584 4138 1740 4225 ποιήσετε,
1760 4140 1823 4229 ἄρα

666 4220 791 4309 τριάσει
813 4220 1036 4309 οῖροτριάσετε,
1064 4220 1196 4307 ῖδρῶσει
1219 4219 1379 4305 idoneare.
1423 4226 1559 4290 Tertiam
1582 4247 1707 4313 quoque
1732 4249 1837 4313 perso·
1867 4230 1888 4297 d

667 4330 738 4374 narn
767 4308 916 4394 pluralem
946 4308 1115 4374 eorundem
1146 4307 1313 4375 verborum
1348 4308 1386 4373 da
1419 4308 1518 4395 primu
1546 4310 1682 4377 eiusdem
1715 4314 1837 4380 numeri

667 4394 783 4460 laniunt
809 4395 922 4459 ΜΕΝ
942 4400 1097 4460 mutantes
1126 4393 1159 4459 iu
1188 4394 1256 4472 ΣΙ,
1298 4398 1331 4459 et
1355 4392 1427 4480 quia
1455 4394 1582 4481 pluralis
1604 4396 1695 4462 tertia
1716 4418 1838 4485 semper

1582 4517 1667 4581 [aad.
1687 4519 1770 4585 pdzh.

667 4626 701 4639 ··-
721 4598 750 4649 ῖιι
765 4597 914 4667 proesentis
927 4598 1042 4666 primae
1065 4615 1178 4666 persono
1202 4597 1280 4667 pss-b.
1433 4602 1475 4651 1³.
1510 4600 1539 4654 ιἰι
1557 4617 1685 4671 praem
1706 4609 1776 4665 (om.
1797 4604 1838 4666 Ω)

669 4664 732 4718 dzh.
888 4666 929 4715 14.
965 4666 1026 4717 ΕΝ
1043 4665 1091 4717 ΩΙ
1110 4666 1281 4719 Exotero
1300 4663 1332 4715 P.
1636 4689 1639 4694 ·

736 4730 849 4797 xlv,1.
888 4731 1036 4784 ΤΙΜΑΙΣ
1050 4732 1082 4784 Ρ.
1116 4735 1223 4799 τιμαῖς
1240 4730 1310 4782 Edd·
1327 4758 1361 4769 -
1381 4730 1547 4786 ΔΕΛΟΙΣ
1563 4734 1594 4788 Ρ.
1729 4739 1756 4789 4.
1790 4755 1839 4792 νο-

667 4801 737 4853 τίοε
753 4799 784 4850 Ρ.
801 4825 833 4837 -
851 4798 955 4850 MHN
969 4800 1000 4849 P.
1018 4826 1051 4838 —
1073 4798 1260 4852 ΒΟΩΜΗΝ
1273 4799 1304 4850 Ρ.
1324 4825 1356 4880 7
1377 4801 1593 4881 periepomenon
1610 4802 1713 4886 Etru.
1733 4832 1762 4843 -
1780 4808 1840 4858 AA-

667 4865 1318 4987 lananersrrnnnnn
1330 4870 1735 4993 restans-nas.
1752 4873 1783 4926 ¹³·
1805 4900 1839 4910 -

703 5039 744 5087 14.
783 5036 942 5089 Declinondi
964 5071 989 5087 ..
1008 5025 1077 5109 ένῷ
1099 5030 1228 5103 riallac]
1312 5038 1340 5087 8·
1378 5037 1460 5090 Omne
1484 5041 1590 5094 verdun
1616 5044 1646 5095 ia
1671 5042 1699 5093 Ω
1720 5041 1840 5093 desim

670 5100 714 5153 Gi.
733 5103 768 5154 de
784 5105 871 5157 verbo
886 5120 912 5155 ε.
928 5109 954 5167 1,
969 5105 982 5169 5
1000 5106 1043 5155 24.
1281 5104 1347 5171 eta]
1365 5102 1409 5156 ci.
1427 5106 1462 5158 de
1478 5108 1555 5160 verb.
1573 5126 1597 5161 ο.
1613 5113 1640 5174 2,
1658 5110 1671 5176 ή
1688 5113 1725 5172 6.,
1748 5113 1776 5159 et
1792 5124 1840 5159 uu·

704 5169 776 5234 XIV,
792 5175 818 5221 1.
856 5172 938 5225 Omne
953 5173 1027 5240 opud
1044 5172 1158 5224 Graecos
1171 5185 1231 5221 oer-
1281 5188 1333 5239 pre
1349 5188 1372 5223 e.
1390 5175 1417 5234 4,
1432 5174 1445 5238 5
1460 5178 1484 5225 l.

670 5238 731 5289 έιιιιι
748 5238 923 5291 inclinatiorem
941 5238 1008 5306 eto]
1030 5240 1072 5291 De
1086 5236 1234 5291 rerbohe·
1316 5241 1342 5289 4.
1375 5240 1517 5309 monotes]
1535 5240 1688 5294 Dicendum
1708 5246 1769 5294 erat
1782 5257 1842 5294 nu·

671 5304 730 5356 tino
751 5302 858 5359 vid-‘de
874 5306 951 5359 reeh.
968 5321 1029 5375 τερ.
1046 5310 1079 5371 2,
1104 5306 1118 5373 5
1138 5309 1152 5357 l
1173 5321 1234 5373 sqq.
1283 5312 1374 5360 tutor
1391 5313 1420 5359 et
1436 5307 1512 5364 inire
1529 5312 1787 5375 marterteram.
