5092 6425
650 894 723 940 nrrv
1094 864 1427 935 PROLEGOMENA.

651 1047 784 1112 quattuor
801 1041 889 1106 prima
910 1039 1177 1093 Commentariorum
1200 1039 1308 1105 capita,
1334 1050 1387 1088 neo
1408 1039 1501 1102 magni
1523 1042 1590 1090 sunt
1612 1040 1753 1092 momenti.
1788 1041 1872 1094 Prior

651 1136 744 1185 autem
766 1131 814 1182 ille
836 1130 927 1180 codex
949 1127 1059 1178 scholia
1077 1126 1188 1177 videtur
1209 1124 1384 1176 continuisse
1403 1126 1497 1188 qualia
1513 1127 1646 1189 leguntur
1664 1128 1692 1177 in
1717 1129 1781 1177 cod.
1801 1131 1873 1179 lim·

652 1215 850 1272 meranensi
867 1215 953 1279 (na),
983 1217 1011 1262 et
1033 1212 1061 1261 ln
1082 1224 1138 1261 rino
1160 1210 1259 1281 codice
1279 1211 1302 1260 l.
1320 1211 1507 1275 tiroconii,
1537 1214 1571 1262 de
1590 1213 1690 1275 quibus
1708 1212 1764 1262 vid.
1786 1226 1873 1276 supra

653 1320 678 1359 o.
695 1309 717 1357 l.
735 1319 760 1367 p.
779 1316 829 1352 ru:
848 1302 882 1350 de
899 1299 993 1362 priore
1012 1297 1135 1347 eiusdem
1153 1295 1338 1358 inscriptione
1356 1299 1430 1347 cont.
1450 1310 1475 1347 o.
1492 1298 1526 1346 ll.
1545 1311 1572 1359 p.
1588 1311 1640 1347 xrs.
1675 1297 1802 1348 Alterius
1823 1312 1874 1348 co-

653 1392 724 1442 dicis
741 1386 888 1448 inscriptio
909 1383 948 1444 (si
970 1382 1098 1444 excipias
1115 1383 1280 1444 scripturam
1299 1382 1380 1443 clari,
1400 1383 1433 1431 de
1452 1397 1506 1446 qua
1525 1383 1579 1433 vid.
1597 1396 1622 1434 c.
1640 1383 1660 1431 l.
1679 1396 1705 1444 p.
1723 1382 1783 1448 ιιι.)
1803 1395 1874 1433 oon-

652 1477 730 1529 venit
745 1488 806 1526 cum
826 1471 982 1533 fragmento
1003 1467 1151 1534 Gronovii,
1169 1469 1203 1517 de
1222 1480 1277 1531 quo
1297 1467 1351 1517 vid.
1372 1468 1447 1519 intra
1464 1470 1504 1528 d).

720 1561 751 1626 2)
777 1558 924 1608 lacobus
949 1552 1148 1604 Gronovius
1171 1552 1200 1602 ln
1222 1553 1398 1615 praefatione
1423 1554 1474 1619 (oi.
1498 1568 1525 1617 p.
1546 1552 1609 1616 nv.)
1634 1551 1703 1602 dicit
1725 1566 1758 1603 se
1786 1553 1872 1604 duas

653 1650 734 1701 buius
752 1640 949 1696 Commentarli
968 1639 1124 1689 contulisse
1150 1638 1295 1689 codices
1313 1638 1479 1702 antiquos
1498 1645 1527 1689 et
1543 1639 1571 1688 in
1591 1637 1753 1688 Saturnalia
1772 1639 1875 1688 nonni·

653 1735 692 1785 bil
710 1746 745 1783 ex
764 1731 956 1780 chartaceo
973 1728 1027 1776 bis.
1043 1724 1161 1787 margini
1176 1724 1321 1774 allevisse.
1357 1728 1393 1775 At
1410 1725 1481 1775 idem
1496 1725 1531 1775 ad
1550 1723 1773 1774 commentarios
1790 1736 1873 1786 prae·

654 1823 698 1870 ter
714 1818 783 1868 daras
803 1815 868 1864 illas
885 1813 1096 1862 membranas
1114 1822 1200 1872 saepe
1220 1809 1249 1873 ²)
1268 1809 1337 1859 citat
1358 1810 1468 1860 tertium
1493 1809 1617 1860 codicem
1641 1811 1873 1875 chartaceum,

653 1908 801 1968 praeterea
820 1911 876 1949 non
895 1910 962 1949 raro
977 1896 1006 1962 ⁸)
1024 1895 1265 1958 oxoniensem,
1285 1899 1315 1944 ut
1333 1899 1465 1957 quattuor
1475 1895 1741 1946 Commentariorum
1757 1896 1873 1945 codices

654 1995 724 2043 blss.
744 2000 805 2038 cunr
822 1983 954 2035 babuisse
972 1983 1121 2044 appareat,
1144 1991 1223 2042 quem
1242 1992 1382 2030 numerum
1400 1980 1461 2042 ipse
1480 1978 1627 2032 confirmat
1642 1981 1672 2031 in
1688 1981 1872 2030 adnotatione

654 2079 688 2129 ad
711 2074 815 2125 comm.
834 2073 858 2137 Ι,
876 2071 901 2133 2,
921 2068 962 2119 11.
997 2070 1038 2118 De
1056 2065 1099 2114 bis
1116 2064 1190 2114 inira
1210 2053 1309 2131 agam,
1321 2066 1368 2116 ubi
1387 2067 1421 2116 ad
1440 2080 1475 2117 ea
1492 2079 1649 2129 pervenero
1666 2080 1736 2130 quae
1756 2079 1773 2116 e
1793 2067 1874 2116 codi-

654 2163 734 2213 cibus
750 2155 935 2209 beidensibur
955 2165 1060 2203 mecum
1079 2151 1295 2201 communicavit
1313 2152 1379 2201 lac.
1398 2153 1543 2204 Geelius
1563 2155 1597 2204 V.
1616 2154 1658 2205 cl.
1692 2152 1795 2203 ibidem
1815 2151 1874 2200 dis-

654 2258 746 2298 seram
766 2244 800 2293 de
818 2241 853 2291 iis
873 2252 944 2303 qnae
961 2251 977 2289 e
996 2235 1140 2287 codicibus
1159 2237 1289 2300 anglicis
1307 2238 1434 2288 enotavit
1451 2239 1520 2288 ide·
1539 2239 1717 2304 Gronovius,
1742 2237 1873 2300 quoniam

653 2344 744 2396 neque
762 2331 796 2380 ab
815 2328 877 2389 ipso
896 2326 962 2376 sunt
977 2323 1052 2374 edita
1069 2334 1158 2384 neque
1177 2323 1211 2373 ad
1232 2323 1429 2374 emendandum
1450 2325 1622 2376 Macrobium
1639 2324 1771 2376 adbibita.

725 2418 755 2476 b)
775 2417 798 2464 Δ
818 2425 860 2462 me
879 2410 925 2461 vel
942 2410 976 2460 ab
996 2407 1061 2458 aliis
1078 2420 1140 2457 mco
1157 2409 1302 2458 commodo
1320 2409 1446 2460 excussi.

655 2502 686 2567 1)
704 2495 973 2560 bambergensis
987 2493 1047 2556 (a),
1064 2492 1094 2542 in
1110 2494 1275 2543 membranis
1291 2493 1397 2544 formae
1414 2497 1559 2564 maximae,
1575 2499 1607 2548 ut
1620 2497 1740 2559 videtur,
1752 2508 1813 2546 sec.
1824 2496 1873 2545 xl.

688 2589 718 2637 et
733 2586 794 2635 llll.
809 2581 948 2644 scriptus,
968 2576 1022 2642 (bl,
1039 2578 1088 2642 lv,
1107 2578 1162 2640 lt.;
1190 2579 1219 2628 in
1238 2580 1623 2646 praeilluminatae),
1647 2583 1785 2633 continuit
1807 2582 1873 2632 olirn

689 2670 789 2721 Xblv.
814 2667 907 2731 toliis,
930 2677 1047 2728 quorum
1071 2663 1188 2726 quaevis
1212 2665 1316 2728 pagina
1333 2667 1458 2717 continet
1476 2668 1567 2718 lineas
1584 2669 1658 2718 xia.
1676 2668 1722 2717 vel
1739 2668 1827 2716 libii.
1846 2666 1874 2717 in

689 2756 768 2808 binas
786 2754 930 2804 columnas
945 2750 1063 2816 divisas,
1080 2748 1269 2800 ciceronis
1285 2752 1453 2802 Somnium
1467 2753 1647 2815 Scipionis
1663 2766 1723 2803 cum
1740 2755 1874 2803 Macro-

689 2841 736 2892 bii
760 2836 1042 2890 commentariis:
1074 2835 1124 2884 sed
1150 2847 1223 2884 nunc
1247 2837 1338 2886 codex
1363 2841 1408 2888 ost
1432 2839 1545 2889 mutilus
1568 2843 1598 2888 ct
1619 2840 1745 2889 continet
1768 2843 1873 2889 tantum

688 2923 818 2976 xxxvi
843 2922 920 2973 tolia.
964 2920 1067 2972 Habuit
1100 2919 1171 2970 enim
1201 2919 1322 2984 quinque
1348 2925 1548 2986 quaterniones
1577 2924 1703 2986 duplices
1733 2937 1874 2987 unumque

689 3010 861 3077 slmplicem,
886 3021 903 3059 e
924 3007 1024 3071 quibus
1048 3005 1148 3056 tertius
1173 3004 1331 3074 intercidit,
1359 3013 1387 3058 et
1408 3009 1520 3072 quintus
1539 3009 1638 3060 deinde
1659 3012 1725 3060 ante
1745 3014 1874 3072 quartum

689 3096 799 3158 positus
818 3100 879 3160 est,
901 3100 933 3146 ut
949 3094 1040 3145 codex
1058 3105 1075 3142 a
1094 3093 1139 3143 lib.
1158 3092 1179 3142 l.
1206 3103 1232 3142 c.
1258 3090 1302 3141 12.
1325 3091 1339 3158 5
1362 3093 1404 3144 11.
1428 3097 1514 3145 verbo
1535 3095 1662 3161 Pbyticoa
1683 3096 1721 3160 (*)
1745 3099 1875 3144 transeat

689 3181 724 3232 ad
740 3180 804 3231 libri
821 3182 855 3231 ll.
872 3193 898 3233 c.
913 3185 938 3232 5.
953 3179 966 3246 5
984 3181 1027 3232 1⁰.
1044 3179 1145 3230 verba:
1172 3176 1235 3243 (aa)
1245 3177 1364 3246 frigoris
1378 3179 1420 3230 uel
1437 3179 1534 3232 coloris
1551 3180 1704 3248 geminum,
1728 3185 1757 3231 ct
1773 3194 1790 3232 a
1809 3180 1875 3232 libri

689 3268 735 3333 ll,
753 3279 814 3329 cap.
832 3267 875 3318 15.
895 3267 908 3333 5
926 3265 968 3317 11.
987 3266 1094 3317 verbis:
1112 3281 1170 3315 cam
1186 3263 1237 3315 mel
1256 3262 1333 3313 dolce
1350 3265 1516 3331 appellamus
1533 3267 1607 3331 (Μ)
1623 3267 1720 3318 redeat
1737 3268 1773 3317 ad
1789 3268 1837 3318 lib.
1852 3269 1875 3319 1.

690 3365 715 3404 c.
734 3352 776 3403 19.
795 3351 808 3417 5
826 3353 868 3403 21.
892 3356 994 3406 verba:
1027 3352 1077 3417 θ’)
1099 3350 1236 3402 stellarum
1261 3347 1332 3398 ulios
1356 3347 1531 3414 intersectas,
1559 3357 1588 3403 et
1611 3367 1629 3403 a
1650 3353 1697 3403 lib.
1715 3354 1749 3403 ll.
1768 3367 1831 3415 cap.
1848 3358 1875 3405 5.

690 3438 764 3504 510.
782 3439 892 3490 verbis:
915 3439 1014 3507 pressis
1038 3437 1173 3489 nimietate
1195 3435 1237 3486 vel
1255 3434 1318 3498 (⁸⁸⁸)
1336 3439 1464 3486 transeat
1481 3438 1516 3488 ad
1535 3452 1597 3501 cap.
1613 3439 1656 3489 15.
1675 3438 1689 3504 5
1708 3438 1750 3489 11.
1769 3443 1874 3492 verba:

690 3523 762 3587 (mr)
778 3541 831 3574 aon
849 3525 926 3575 aliud
944 3525 1029 3591 qaod,
1047 3527 1077 3574 et
1095 3522 1206 3573 omnino
1223 3520 1419 3573 desiderentur
1436 3527 1535 3575 verba:
1557 3524 1618 3588 (lib.
1636 3523 1660 3574 l.
1680 3537 1706 3575 c.
1724 3524 1764 3574 12.
1784 3525 1797 3590 5
1818 3526 1876 3591 11.)

690 3606 730 3673 (*)
748 3624 809 3659 cero
829 3608 859 3658 iri
881 3614 918 3659 cst
934 3615 1060 3659 naturam
1077 3606 1224 3679 plantandi
1239 3611 1263 3674 et
1282 3608 1415 3674 angendi,
1447 3610 1588 3673 usquead
1608 3609 1669 3673 (lib.
1686 3610 1723 3672 l.,
1750 3623 1813 3673 cap.
1832 3612 1877 3663 19.

690 3691 704 3757 5
720 3692 792 3756 21.);
811 3692 857 3742 sed
873 3692 969 3743 barum
987 3693 1047 3757 θ’).
1080 3696 1105 3742 A
1124 3692 1313 3754 compluribus
1329 3692 1454 3744 librariis
1470 3694 1593 3756 scriptus
1612 3707 1678 3745 esse
1695 3696 1807 3746 videtur
1824 3710 1877 3747 co-

690 3780 758 3844 dex,
780 3790 870 3839 nsque
888 3778 985 3826 eodem
1003 3780 1136 3840 tempore.
1172 3780 1283 3829 Graeca
1302 3781 1389 3829 verba
1412 3779 1573 3831 scribuntur
1593 3779 1685 3829 literis
1707 3782 1875 3833 maiusculis

690 3865 751 3915 sine
774 3862 947 3920 accentibus.
983 3861 1152 3924 Compendia
1173 3862 1354 3914 inveniuntur
1374 3866 1446 3915 satis
1471 3867 1573 3931 multa,
1602 3865 1685 3915 ctiam
1707 3880 1720 3913 c
1745 3881 1797 3928 pro
1818 3886 1876 3928 coa,

689 3951 717 4000 in
738 3947 944 4013 posterioribus
968 3947 1196 4010 quaternionibus
1215 3948 1297 4010 plura
1322 3963 1401 4012 quam
1425 3950 1455 4000 in
1478 3951 1577 4013 primo.
1613 3951 1820 4015 Ortbograpbia
1841 3966 1878 4004 ea

689 4038 749 4087 iere
765 4038 819 4102 est,
838 4047 918 4098 quam
938 4033 1028 4084 ascivi
1045 4033 1072 4083 in
1086 4032 1235 4095 scriptoris
1252 4034 1346 4085 verbis
1363 4035 1563 4086 describendis.
1598 4036 1755 4099 Aliquando
1774 4041 1878 4091 scribi-

690 4127 737 4173 tur
752 4128 823 4189 opat
841 4128 879 4173 act
895 4119 1023 4171 habunde
1039 4118 1213 4184 calumpnia,
1231 4119 1288 4169 alia
1311 4120 1421 4186 similia,
1439 4123 1525 4171 semel
1545 4121 1582 4186 (1,
1598 4122 1624 4186 2,
1639 4121 1679 4180 8.)
1699 4123 1877 4191 apologiam,

690 4211 720 4260 et
735 4208 775 4272 (i,
794 4206 825 4271 1,
842 4206 882 4272 5.)
901 4206 1019 4275 gragio.
1053 4206 1148 4256 Verba
1163 4201 1310 4255 ciceronis
1328 4207 1374 4257 ubl
1390 4220 1407 4257 a
1425 4206 1570 4258 Macrobio
1589 4207 1650 4257 suis
1667 4210 1877 4260 commentariis

689 4292 863 4354 inseruntur,
878 4303 964 4353 saepe
977 4303 1033 4341 non
1051 4289 1162 4354 integra
1179 4290 1366 4355 inveniuntur,
1378 4293 1427 4341 sed
1443 4293 1531 4354 prima
1548 4296 1653 4342 tantum
1668 4295 1697 4340 et
1711 4293 1819 4359 ultima,
1834 4296 1877 4344 in·

690 4378 837 4440 terposltis
863 4376 971 4426 verbis:
997 4391 1078 4440 usqae
1103 4374 1148 4425 ad.
1182 4375 1307 4437 Figurae
1328 4368 1486 4439 complures
1505 4378 1634 4439 appictae
1658 4383 1732 4429 sunt.
1768 4380 1878 4431 Tabula

689 4475 745 4526 qua
761 4460 923 4511 refusiones
941 4460 1167 4512 demonstrantur
1183 4460 1289 4510 Oceani
1306 4464 1374 4511 nata
1391 4474 1457 4512 esse
1476 4464 1585 4514 videtur
1603 4476 1639 4513 ex
1656 4475 1692 4512 ea
1709 4477 1790 4526 qnam
1813 4466 1877 4517 buic

690 4545 824 4597 volumini
842 4544 944 4610 addidi,
961 4545 1011 4595 sed
1029 4546 1132 4596 misere
1151 4551 1294 4607 corrupta.
1330 4544 1444 4597 contuli
1462 4561 1522 4600 oum
1541 4550 1584 4599 ed.
1602 4548 1761 4610 bipontina.

656 4631 687 4696 2)
704 4629 950 4694 Frisingensis
971 4630 1030 4682 lot.
1052 4631 1106 4698 (0,
1133 4630 1152 4682 i.
1171 4644 1197 4681 e.
1221 4629 1438 4697 corbinianus),
1466 4648 1540 4685 nunc
1561 4633 1761 4699 Monacensis,
1792 4647 1878 4685 mem·

689 4717 848 4766 branaceus
867 4729 926 4766 sec.
945 4716 1008 4781 lx„
1039 4716 1164 4768 continet
1190 4716 1267 4766 toliis
1293 4718 1395 4769 xxiv.
1422 4720 1529 4773 formae
1556 4722 1710 4783 quadratae
1736 4720 1877 4771 Macrobii

690 4800 955 4852 Commentariorum
971 4802 999 4852 ln
1018 4800 1158 4853 somnium
1176 4800 1318 4863 Scipionis
1335 4808 1441 4866 partem
1457 4818 1474 4855 a
1488 4806 1536 4855 lib.
1552 4805 1574 4853 l.
1593 4818 1654 4867 cap.
1674 4802 1716 4855 11.
1734 4803 1747 4869 5
1766 4804 1809 4853 21.
1827 4820 1878 4856 us-

689 4897 743 4948 que
762 4887 797 4936 ad
815 4887 876 4937 libr.
895 4888 931 4937 ll.
951 4900 1012 4950 cap.
1031 4888 1056 4938 o.
1074 4883 1166 4936 finem.
1201 4886 1325 4945 Quaevis
1343 4890 1447 4953 pagina
1464 4889 1592 4940 continet
1607 4890 1699 4940 lineas
1723 4903 1781 4940 non
1804 4890 1878 4941 divi·

658 5012 1063 5027 “““““--““--

655 5153 685 5203 4·
701 5085 888 5205 5²5fi⁰251¹0⁹
908 5092 933 5154 ¹⁵
951 5093 983 5153 ⁶³
1008 5094 1034 5154 ⁵,
1050 5093 1081 5154 ⁶3
1104 5092 1130 5154 θ’
1146 5091 1195 5152 ³⁵³
1221 5093 1247 5152 ⁹,
1267 5091 1299 5155 ³3
1325 5095 1366 5155 ro,
1388 5095 1432 5157 163
1456 5096 1565 5158 rs,1a;
1585 5092 1667 5157 11,1,
1691 5094 1720 5156 1,
1737 5097 1764 5156 a,
1783 5097 1829 5158 ιτς
1849 5096 1876 5158 a,

654 5188 849 5348 ,ἰῙὲῖὁΜὶ
863 5194 935 5289 1,'r,
952 5226 984 5288 ³³
1017 5227 1063 5289 1⁰2
1082 5228 1115 5277 1⁰
1128 5228 1157 5278 st
1174 5226 1219 5290 1⁶3
1248 5226 1295 5289 14,
1312 5228 1344 5289 σε
1363 5229 1409 5291 1⁵,
1428 5230 1443 5278 1
1462 5230 1556 5293 515,
1583 5230 1632 5295 eo,
1645 5230 1695 5294 m,
1721 5228 1767 5291 ιι,
1785 5232 1811 5294 c,
1825 5231 1875 5320 er,
