<?xml version="1.0" encoding="UTF-8"?>
<!DOCTYPE html PUBLIC "-//W3C//DTD XHTML 1.0 Transitional//EN"
    "http://www.w3.org/TR/xhtml1/DTD/xhtml1-transitional.dtd">
<html xmlns="http://www.w3.org/1999/xhtml" xml:lang="en" lang="en">
 <head>
  <title>
</title>
<meta http-equiv="Content-Type" content="text/html;charset=utf-8" />
  <meta name='ocr-system' content='tesseract 3.04.00' />
  <meta name='ocr-capabilities' content='ocr_page ocr_carea ocr_par ocr_line ocrx_word'/>
</head>
<body>
  <div class='ocr_page' id='page_1' title='image "./operaquaesupers00macrgoog/operaquaesupers00macrgoog_0019.png"; bbox 0 0 5092 6425; ppageno 0'>
   <div class='ocr_carea' id='block_1_1' title="bbox 1129 862 1836 929">
    <p class='ocr_par' dir='ltr' id='par_1_1' title="bbox 1129 862 1836 929">
     <span class='ocr_line' id='line_1_1' title="bbox 1129 862 1836 929; baseline 0.003 -2"><span class='ocrx_word' id='word_1_1' title='bbox 1129 883 1324 929; x_wconf 78' lang='lat' dir='ltr'><strong>nnsnrsrro.</strong></span> <span class='ocrx_word' id='word_1_2' title='bbox 1755 862 1836 929; x_wconf 72' lang='lat' dir='ltr'><strong>xllx</strong></span> 
     </span>
    </p>
   </div>
   <div class='ocr_carea' id='block_1_2' title="bbox 571 1030 1841 2631">
    <p class='ocr_par' dir='ltr' id='par_1_2' title="bbox 581 1030 1841 2445">
     <span class='ocr_line' id='line_1_2' title="bbox 581 1030 1838 1119; baseline 0.002 -23"><span class='ocrx_word' id='word_1_3' title='bbox 581 1030 746 1117; x_wconf 77' lang='lat' dir='ltr'><strong>legisset,</strong></span> <span class='ocrx_word' id='word_1_4' title='bbox 770 1053 839 1097; x_wconf 93' lang='lat' dir='ltr'><strong>non</strong></span> <span class='ocrx_word' id='word_1_5' title='bbox 860 1033 935 1119; x_wconf 93' lang='lat' dir='ltr'><strong>quid</strong></span> <span class='ocrx_word' id='word_1_6' title='bbox 956 1032 1127 1118; x_wconf 75' lang='lat' dir='ltr'><strong>scripsisset</strong></span> <span class='ocrx_word' id='word_1_7' title='bbox 1148 1032 1270 1111; x_wconf 92' lang='lat' dir='ltr'><strong>Cicero,</strong></span> <span class='ocrx_word' id='word_1_8' title='bbox 1295 1031 1401 1117; x_wconf 85' lang='lat' dir='ltr'><strong>quaeri</strong></span> <span class='ocrx_word' id='word_1_9' title='bbox 1422 1031 1496 1097; x_wconf 90' lang='lat' dir='ltr'><strong>mibi</strong></span> <span class='ocrx_word' id='word_1_10' title='bbox 1518 1032 1690 1100; x_wconf 84' lang='lat' dir='ltr'><strong>videbatur:</strong></span> <span class='ocrx_word' id='word_1_11' title='bbox 1717 1054 1779 1119; x_wconf 89' lang='lat' dir='ltr'><strong>qua</strong></span> <span class='ocrx_word' id='word_1_12' title='bbox 1800 1054 1838 1098; x_wconf 88' lang='lat' dir='ltr'><strong>ex</strong></span> 
     </span>
     <span class='ocr_line' id='line_1_3' title="bbox 585 1134 1837 1220; baseline 0.002 -21"><span class='ocrx_word' id='word_1_13' title='bbox 585 1152 689 1199; x_wconf 73' lang='lat' dir='ltr'><strong>uuna</strong></span> <span class='ocrx_word' id='word_1_14' title='bbox 727 1134 830 1200; x_wconf 86' lang='lat' dir='ltr'><strong>etiam</strong></span> <span class='ocrx_word' id='word_1_15' title='bbox 859 1156 895 1200; x_wconf 89' lang='lat' dir='ltr'><strong>ea</strong></span> <span class='ocrx_word' id='word_1_16' title='bbox 920 1134 982 1200; x_wconf 90' lang='lat' dir='ltr'><strong>lere</strong></span> <span class='ocrx_word' id='word_1_17' title='bbox 1007 1135 1170 1202; x_wconf 84' lang='lat' dir='ltr'><strong>derivanda</strong></span> <span class='ocrx_word' id='word_1_18' title='bbox 1195 1142 1281 1213; x_wconf 90' lang='lat' dir='ltr'><strong>sunt,</strong></span> <span class='ocrx_word' id='word_1_19' title='bbox 1313 1134 1344 1199; x_wconf 95' lang='lat' dir='ltr'><strong>in</strong></span> <span class='ocrx_word' id='word_1_20' title='bbox 1372 1134 1484 1220; x_wconf 89' lang='lat' dir='ltr'><strong>quibus</strong></span> <span class='ocrx_word' id='word_1_21' title='bbox 1510 1157 1528 1200; x_wconf 91' lang='lat' dir='ltr'><strong>a</strong></span> <span class='ocrx_word' id='word_1_22' title='bbox 1552 1136 1586 1200; x_wconf 89' lang='lat' dir='ltr'><strong>F.</strong></span> <span class='ocrx_word' id='word_1_23' title='bbox 1614 1135 1741 1202; x_wconf 89' lang='lat' dir='ltr'><strong>Osanno</strong></span> <span class='ocrx_word' id='word_1_24' title='bbox 1769 1156 1837 1201; x_wconf 89' lang='lat' dir='ltr'><strong>mea</strong></span> 
     </span>
     <span class='ocr_line' id='line_1_4' title="bbox 588 1235 1836 1324; baseline 0.002 -23"><span class='ocrx_word' id='word_1_25' title='bbox 588 1235 674 1301; x_wconf 82' lang='lat' dir='ltr'><strong>ratio</strong></span> <span class='ocrx_word' id='word_1_26' title='bbox 700 1236 868 1302; x_wconf 74' lang='lat' dir='ltr'><strong>dissentit.</strong></span> <span class='ocrx_word' id='word_1_27' title='bbox 910 1238 947 1302; x_wconf 93' lang='lat' dir='ltr'><strong>ln</strong></span> <span class='ocrx_word' id='word_1_28' title='bbox 968 1238 1118 1324; x_wconf 82' lang='lat' dir='ltr'><strong>excerptis</strong></span> <span class='ocrx_word' id='word_1_29' title='bbox 1140 1258 1158 1302; x_wconf 89' lang='lat' dir='ltr'><strong>e</strong></span> <span class='ocrx_word' id='word_1_30' title='bbox 1181 1237 1259 1302; x_wconf 93' lang='lat' dir='ltr'><strong>libro</strong></span> <span class='ocrx_word' id='word_1_31' title='bbox 1280 1236 1323 1302; x_wconf 92' lang='lat' dir='ltr'><strong>de</strong></span> <span class='ocrx_word' id='word_1_32' title='bbox 1345 1235 1565 1302; x_wconf 83' lang='lat' dir='ltr'><strong>differentiis</strong></span> <span class='ocrx_word' id='word_1_33' title='bbox 1591 1245 1626 1303; x_wconf 91' lang='lat' dir='ltr'><strong>et</strong></span> <span class='ocrx_word' id='word_1_34' title='bbox 1650 1238 1836 1304; x_wconf 89' lang='lat' dir='ltr'><strong>societati-</strong></span> 
     </span>
     <span class='ocr_line' id='line_1_5' title="bbox 591 1336 1835 1427; baseline 0.001 -23"><span class='ocrx_word' id='word_1_35' title='bbox 591 1336 662 1405; x_wconf 88' lang='lat' dir='ltr'><strong>bus</strong></span> <span class='ocrx_word' id='word_1_36' title='bbox 701 1337 846 1404; x_wconf 89' lang='lat' dir='ltr'><strong>Graeci</strong></span> <span class='ocrx_word' id='word_1_37' title='bbox 875 1339 1068 1424; x_wconf 81' lang='lat' dir='ltr'><strong>Latinique</strong></span> <span class='ocrx_word' id='word_1_38' title='bbox 1097 1340 1200 1406; x_wconf 90' lang='lat' dir='ltr'><strong>verbi</strong></span> <span class='ocrx_word' id='word_1_39' title='bbox 1230 1339 1481 1405; x_wconf 77' lang='lat' dir='ltr'><strong>vindobonensia</strong></span> <span class='ocrx_word' id='word_1_40' title='bbox 1512 1339 1581 1425; x_wconf 83' lang='lat' dir='ltr'><strong>(vid.</strong></span> <span class='ocrx_word' id='word_1_41' title='bbox 1613 1341 1780 1427; x_wconf 91' lang='lat' dir='ltr'><strong>prolegom.</strong></span> <span class='ocrx_word' id='word_1_42' title='bbox 1806 1361 1835 1425; x_wconf 90' lang='lat' dir='ltr'><strong>p.</strong></span> 
     </span>
     <span class='ocr_line' id='line_1_6' title="bbox 597 1440 1837 1528; baseline 0.001 -23"><span class='ocrx_word' id='word_1_43' title='bbox 597 1462 669 1505; x_wconf 83' lang='lat' dir='ltr'><strong>aur.</strong></span> <span class='ocrx_word' id='word_1_44' title='bbox 688 1441 757 1526; x_wconf 84' lang='lat' dir='ltr'><strong>sq.)</strong></span> <span class='ocrx_word' id='word_1_45' title='bbox 779 1441 900 1526; x_wconf 76' lang='lat' dir='ltr'><strong>signavi</strong></span> <span class='ocrx_word' id='word_1_46' title='bbox 921 1462 1013 1528; x_wconf 90' lang='lat' dir='ltr'><strong>supra</strong></span> <span class='ocrx_word' id='word_1_47' title='bbox 1032 1442 1134 1527; x_wconf 87' lang='lat' dir='ltr'><strong>posito</strong></span> <span class='ocrx_word' id='word_1_48' title='bbox 1154 1441 1185 1505; x_wconf 94' lang='lat' dir='ltr'><strong>in</strong></span> <span class='ocrx_word' id='word_1_49' title='bbox 1205 1441 1299 1506; x_wconf 91' lang='lat' dir='ltr'><strong>altera</strong></span> <span class='ocrx_word' id='word_1_50' title='bbox 1318 1440 1428 1527; x_wconf 89' lang='lat' dir='ltr'><strong>pagina</strong></span> <span class='ocrx_word' id='word_1_51' title='bbox 1442 1442 1500 1508; x_wconf 73' lang='lat' dir='ltr'><strong>Mc.</strong></span> <span class='ocrx_word' id='word_1_52' title='bbox 1520 1443 1565 1520; x_wconf 72' lang='lat' dir='ltr'><strong>V„</strong></span> <span class='ocrx_word' id='word_1_53' title='bbox 1581 1442 1611 1506; x_wconf 92' lang='lat' dir='ltr'><strong>in</strong></span> <span class='ocrx_word' id='word_1_54' title='bbox 1629 1443 1722 1507; x_wconf 91' lang='lat' dir='ltr'><strong>altera</strong></span> <span class='ocrx_word' id='word_1_55' title='bbox 1737 1444 1795 1508; x_wconf 80' lang='lat' dir='ltr'><strong>Ed</strong></span> <span class='ocrx_word' id='word_1_56' title='bbox 1812 1464 1837 1520; x_wconf 81' lang='lat' dir='ltr'><strong>e,</strong></span> 
     </span>
     <span class='ocr_line' id='line_1_7' title="bbox 601 1539 1836 1631; baseline 0.002 -25"><span class='ocrx_word' id='word_1_57' title='bbox 601 1539 706 1627; x_wconf 88' lang='lat' dir='ltr'><strong>iisque</strong></span> <span class='ocrx_word' id='word_1_58' title='bbox 730 1542 852 1607; x_wconf 90' lang='lat' dir='ltr'><strong>inserui</strong></span> <span class='ocrx_word' id='word_1_59' title='bbox 872 1543 960 1608; x_wconf 89' lang='lat' dir='ltr'><strong>uncis</strong></span> <span class='ocrx_word' id='word_1_60' title='bbox 980 1544 1113 1609; x_wconf 89' lang='lat' dir='ltr'><strong>inclusos</strong></span> <span class='ocrx_word' id='word_1_61' title='bbox 1132 1544 1266 1631; x_wconf 91' lang='lat' dir='ltr'><strong>capitum</strong></span> <span class='ocrx_word' id='word_1_62' title='bbox 1286 1563 1431 1607; x_wconf 90' lang='lat' dir='ltr'><strong>numeros</strong></span> <span class='ocrx_word' id='word_1_63' title='bbox 1446 1544 1664 1609; x_wconf 82' lang='lat' dir='ltr'><strong>Analectorum</strong></span> <span class='ocrx_word' id='word_1_64' title='bbox 1686 1565 1836 1629; x_wconf 91' lang='lat' dir='ltr'><strong>gramma-</strong></span> 
     </span>
     <span class='ocr_line' id='line_1_8' title="bbox 605 1642 1836 1733; baseline 0.001 -25"><span class='ocrx_word' id='word_1_65' title='bbox 605 1642 762 1722; x_wconf 88' lang='lat' dir='ltr'><strong>ticorum,</strong></span> <span class='ocrx_word' id='word_1_66' title='bbox 794 1644 878 1710; x_wconf 93' lang='lat' dir='ltr'><strong>unde</strong></span> <span class='ocrx_word' id='word_1_67' title='bbox 902 1666 940 1710; x_wconf 90' lang='lat' dir='ltr'><strong>ea</strong></span> <span class='ocrx_word' id='word_1_68' title='bbox 963 1654 1085 1733; x_wconf 89' lang='lat' dir='ltr'><strong>sumpta</strong></span> <span class='ocrx_word' id='word_1_69' title='bbox 1110 1654 1191 1711; x_wconf 83' lang='lat' dir='ltr'><strong>sunt</strong></span> <span class='ocrx_word' id='word_1_70' title='bbox 1235 1647 1273 1711; x_wconf 92' lang='lat' dir='ltr'><strong>ln</strong></span> <span class='ocrx_word' id='word_1_71' title='bbox 1301 1645 1578 1711; x_wconf 77' lang='lat' dir='ltr'><strong>Commentariis</strong></span> <span class='ocrx_word' id='word_1_72' title='bbox 1603 1654 1635 1710; x_wconf 92' lang='lat' dir='ltr'><strong>et</strong></span> <span class='ocrx_word' id='word_1_73' title='bbox 1658 1646 1689 1710; x_wconf 94' lang='lat' dir='ltr'><strong>in</strong></span> <span class='ocrx_word' id='word_1_74' title='bbox 1716 1646 1836 1710; x_wconf 84' lang='lat' dir='ltr'><strong>Satur-</strong></span> 
     </span>
     <span class='ocr_line' id='line_1_9' title="bbox 607 1746 1837 1833; baseline 0 -22"><span class='ocrx_word' id='word_1_75' title='bbox 607 1746 762 1811; x_wconf 77' lang='lat' dir='ltr'><strong>nalibus</strong></span> <span class='ocrx_word' id='word_1_76' title='bbox 784 1746 878 1811; x_wconf 89' lang='lat' dir='ltr'><strong>etiam</strong></span> <span class='ocrx_word' id='word_1_77' title='bbox 900 1747 1089 1832; x_wconf 90' lang='lat' dir='ltr'><strong>singulorum</strong></span> <span class='ocrx_word' id='word_1_78' title='bbox 1111 1748 1246 1833; x_wconf 88' lang='lat' dir='ltr'><strong>capitum</strong></span> <span class='ocrx_word' id='word_1_79' title='bbox 1265 1747 1431 1813; x_wconf 88' lang='lat' dir='ltr'><strong>summaria</strong></span> <span class='ocrx_word' id='word_1_80' title='bbox 1450 1748 1489 1812; x_wconf 84' lang='lat' dir='ltr'><strong>ab</strong></span> <span class='ocrx_word' id='word_1_81' title='bbox 1510 1747 1649 1812; x_wconf 76' lang='lat' dir='ltr'><strong>Amoldo</strong></span> <span class='ocrx_word' id='word_1_82' title='bbox 1669 1747 1837 1813; x_wconf 88' lang='lat' dir='ltr'><strong>Vesaliensi</strong></span> 
     </span>
     <span class='ocr_line' id='line_1_10' title="bbox 610 1848 1837 1935; baseline 0.002 -23"><span class='ocrx_word' id='word_1_83' title='bbox 610 1848 792 1934; x_wconf 86' lang='lat' dir='ltr'><strong>conscripta</strong></span> <span class='ocrx_word' id='word_1_84' title='bbox 812 1848 844 1913; x_wconf 95' lang='lat' dir='ltr'><strong>in</strong></span> <span class='ocrx_word' id='word_1_85' title='bbox 865 1849 924 1914; x_wconf 90' lang='lat' dir='ltr'><strong>boc</strong></span> <span class='ocrx_word' id='word_1_86' title='bbox 942 1858 1090 1935; x_wconf 88' lang='lat' dir='ltr'><strong>apparatu</strong></span> <span class='ocrx_word' id='word_1_87' title='bbox 1107 1850 1213 1915; x_wconf 90' lang='lat' dir='ltr'><strong>critico</strong></span> <span class='ocrx_word' id='word_1_88' title='bbox 1233 1872 1324 1915; x_wconf 90' lang='lat' dir='ltr'><strong>suum</strong></span> <span class='ocrx_word' id='word_1_89' title='bbox 1343 1850 1445 1915; x_wconf 88' lang='lat' dir='ltr'><strong>locum</strong></span> <span class='ocrx_word' id='word_1_90' title='bbox 1465 1849 1578 1914; x_wconf 90' lang='lat' dir='ltr'><strong>babere</strong></span> <span class='ocrx_word' id='word_1_91' title='bbox 1597 1849 1710 1915; x_wconf 91' lang='lat' dir='ltr'><strong>censui.</strong></span> <span class='ocrx_word' id='word_1_92' title='bbox 1742 1849 1837 1929; x_wconf 87' lang='lat' dir='ltr'><strong>Quod</strong></span> 
     </span>
     <span class='ocr_line' id='line_1_11' title="bbox 612 1950 1839 2038; baseline -0.001 -21"><span class='ocrx_word' id='word_1_93' title='bbox 612 1950 712 2017; x_wconf 89' lang='lat' dir='ltr'><strong>eidem</strong></span> <span class='ocrx_word' id='word_1_94' title='bbox 737 1950 855 2016; x_wconf 91' lang='lat' dir='ltr'><strong>inserui</strong></span> <span class='ocrx_word' id='word_1_95' title='bbox 880 1953 1052 2017; x_wconf 89' lang='lat' dir='ltr'><strong>notationes</strong></span> <span class='ocrx_word' id='word_1_96' title='bbox 1077 1953 1215 2018; x_wconf 88' lang='lat' dir='ltr'><strong>locorum</strong></span> <span class='ocrx_word' id='word_1_97' title='bbox 1240 1961 1271 2017; x_wconf 93' lang='lat' dir='ltr'><strong>et</strong></span> <span class='ocrx_word' id='word_1_98' title='bbox 1296 1952 1335 2017; x_wconf 89' lang='lat' dir='ltr'><strong>ad</strong></span> <span class='ocrx_word' id='word_1_99' title='bbox 1361 1973 1440 2038; x_wconf 92' lang='lat' dir='ltr'><strong>quos</strong></span> <span class='ocrx_word' id='word_1_100' title='bbox 1465 1960 1519 2017; x_wconf 90' lang='lat' dir='ltr'><strong>aut</strong></span> <span class='ocrx_word' id='word_1_101' title='bbox 1543 1952 1758 2017; x_wconf 82' lang='lat' dir='ltr'><strong>antecedentes</strong></span> <span class='ocrx_word' id='word_1_102' title='bbox 1783 1960 1839 2016; x_wconf 88' lang='lat' dir='ltr'><strong>aut</strong></span> 
     </span>
     <span class='ocr_line' id='line_1_12' title="bbox 613 2053 1837 2140; baseline 0 -23"><span class='ocrx_word' id='word_1_103' title='bbox 613 2061 784 2139; x_wconf 74' lang='lat' dir='ltr'><strong>mquentcs</strong></span> <span class='ocrx_word' id='word_1_104' title='bbox 804 2053 836 2117; x_wconf 89' lang='lat' dir='ltr'><strong>in</strong></span> <span class='ocrx_word' id='word_1_105' title='bbox 855 2069 913 2119; x_wconf 89' lang='lat' dir='ltr'><strong>suo</strong></span> <span class='ocrx_word' id='word_1_106' title='bbox 934 2073 1026 2139; x_wconf 91' lang='lat' dir='ltr'><strong>opere</strong></span> <span class='ocrx_word' id='word_1_107' title='bbox 1046 2054 1170 2140; x_wconf 87' lang='lat' dir='ltr'><strong>respicit</strong></span> <span class='ocrx_word' id='word_1_108' title='bbox 1186 2055 1376 2132; x_wconf 87' lang='lat' dir='ltr'><strong>Macrobius,</strong></span> <span class='ocrx_word' id='word_1_109' title='bbox 1410 2062 1441 2119; x_wconf 92' lang='lat' dir='ltr'><strong>et</strong></span> <span class='ocrx_word' id='word_1_110' title='bbox 1464 2073 1544 2139; x_wconf 91' lang='lat' dir='ltr'><strong>quos</strong></span> <span class='ocrx_word' id='word_1_111' title='bbox 1565 2055 1653 2118; x_wconf 84' lang='lat' dir='ltr'><strong>affert</strong></span> <span class='ocrx_word' id='word_1_112' title='bbox 1672 2074 1742 2118; x_wconf 92' lang='lat' dir='ltr'><strong>cum</strong></span> <span class='ocrx_word' id='word_1_113' title='bbox 1763 2054 1837 2118; x_wconf 93' lang='lat' dir='ltr'><strong>alio-</strong></span> 
     </span>
     <span class='ocr_line' id='line_1_13' title="bbox 613 2154 1837 2241; baseline -0.002 -20"><span class='ocrx_word' id='word_1_114' title='bbox 613 2176 682 2221; x_wconf 88' lang='lat' dir='ltr'><strong>rum</strong></span> <span class='ocrx_word' id='word_1_115' title='bbox 705 2164 777 2220; x_wconf 90' lang='lat' dir='ltr'><strong>tum</strong></span> <span class='ocrx_word' id='word_1_116' title='bbox 799 2157 957 2222; x_wconf 86' lang='lat' dir='ltr'><strong>Ciceronis</strong></span> <span class='ocrx_word' id='word_1_117' title='bbox 978 2156 1009 2220; x_wconf 92' lang='lat' dir='ltr'><strong>in</strong></span> <span class='ocrx_word' id='word_1_118' title='bbox 1030 2157 1265 2223; x_wconf 84' lang='lat' dir='ltr'><strong>Commentariis</strong></span> <span class='ocrx_word' id='word_1_119' title='bbox 1287 2157 1325 2221; x_wconf 92' lang='lat' dir='ltr'><strong>ad</strong></span> <span class='ocrx_word' id='word_1_120' title='bbox 1346 2157 1412 2221; x_wconf 91' lang='lat' dir='ltr'><strong>eius</strong></span> <span class='ocrx_word' id='word_1_121' title='bbox 1436 2157 1595 2221; x_wconf 90' lang='lat' dir='ltr'><strong>Somnium</strong></span> <span class='ocrx_word' id='word_1_122' title='bbox 1620 2155 1785 2241; x_wconf 88' lang='lat' dir='ltr'><strong>Scipionis,</strong></span> <span class='ocrx_word' id='word_1_123' title='bbox 1807 2154 1837 2219; x_wconf 92' lang='lat' dir='ltr'><strong>id</strong></span> 
     </span>
     <span class='ocr_line' id='line_1_14' title="bbox 616 2256 1839 2345; baseline -0.002 -22"><span class='ocrx_word' id='word_1_124' title='bbox 616 2258 719 2345; x_wconf 89' lang='lat' dir='ltr'><strong>primo</strong></span> <span class='ocrx_word' id='word_1_125' title='bbox 741 2256 810 2335; x_wconf 88' lang='lat' dir='ltr'><strong>leci,</strong></span> <span class='ocrx_word' id='word_1_126' title='bbox 826 2260 910 2344; x_wconf 94' lang='lat' dir='ltr'><strong>quod</strong></span> <span class='ocrx_word' id='word_1_127' title='bbox 929 2258 1003 2323; x_wconf 93' lang='lat' dir='ltr'><strong>nibil</strong></span> <span class='ocrx_word' id='word_1_128' title='bbox 1025 2267 1182 2344; x_wconf 89' lang='lat' dir='ltr'><strong>praeterea</strong></span> <span class='ocrx_word' id='word_1_129' title='bbox 1203 2257 1275 2322; x_wconf 89' lang='lat' dir='ltr'><strong>buio</strong></span> <span class='ocrx_word' id='word_1_130' title='bbox 1297 2257 1424 2323; x_wconf 91' lang='lat' dir='ltr'><strong>editioni</strong></span> <span class='ocrx_word' id='word_1_131' title='bbox 1446 2277 1527 2320; x_wconf 89' lang='lat' dir='ltr'><strong>eram</strong></span> <span class='ocrx_word' id='word_1_132' title='bbox 1547 2256 1716 2333; x_wconf 87' lang='lat' dir='ltr'><strong>additurus,</strong></span> <span class='ocrx_word' id='word_1_133' title='bbox 1729 2257 1839 2320; x_wconf 93' lang='lat' dir='ltr'><strong>deinde</strong></span> 
     </span>
     <span class='ocr_line' id='line_1_15' title="bbox 616 2357 1841 2445; baseline -0.005 -19"><span class='ocrx_word' id='word_1_134' title='bbox 616 2360 704 2426; x_wconf 90' lang='lat' dir='ltr'><strong>nolui</strong></span> <span class='ocrx_word' id='word_1_135' title='bbox 728 2360 898 2445; x_wconf 90' lang='lat' dir='ltr'><strong>quidquam</strong></span> <span class='ocrx_word' id='word_1_136' title='bbox 916 2369 1049 2438; x_wconf 87' lang='lat' dir='ltr'><strong>mutare,</strong></span> <span class='ocrx_word' id='word_1_137' title='bbox 1076 2360 1149 2444; x_wconf 92' lang='lat' dir='ltr'><strong>quia</strong></span> <span class='ocrx_word' id='word_1_138' title='bbox 1170 2359 1213 2424; x_wconf 92' lang='lat' dir='ltr'><strong>sic</strong></span> <span class='ocrx_word' id='word_1_139' title='bbox 1233 2360 1291 2424; x_wconf 90' lang='lat' dir='ltr'><strong>bae</strong></span> <span class='ocrx_word' id='word_1_140' title='bbox 1311 2358 1485 2422; x_wconf 89' lang='lat' dir='ltr'><strong>notationes</strong></span> <span class='ocrx_word' id='word_1_141' title='bbox 1506 2357 1665 2422; x_wconf 93' lang='lat' dir='ltr'><strong>minimum</strong></span> <span class='ocrx_word' id='word_1_142' title='bbox 1688 2364 1841 2441; x_wconf 88' lang='lat' dir='ltr'><strong>occupant</strong></span> 
     </span>
    </p>

    <p class='ocr_par' dir='ltr' id='par_1_3' title="bbox 571 2457 1838 2631">
     <span class='ocr_line' id='line_1_16' title="bbox 571 2457 1838 2549; baseline -0.004 -22"><span class='ocrx_word' id='word_1_143' title='bbox 571 2478 573 2483; x_wconf 82' lang='lat'>&#39;</span> <span class='ocrx_word' id='word_1_144' title='bbox 617 2462 720 2549; x_wconf 89' lang='lat' dir='ltr'><strong>spatii,</strong></span> <span class='ocrx_word' id='word_1_145' title='bbox 734 2471 767 2527; x_wconf 93' lang='lat' dir='ltr'><strong>et</strong></span> <span class='ocrx_word' id='word_1_146' title='bbox 788 2463 861 2547; x_wconf 91' lang='lat' dir='ltr'><strong>quia</strong></span> <span class='ocrx_word' id='word_1_147' title='bbox 883 2484 946 2526; x_wconf 91' lang='lat' dir='ltr'><strong>non</strong></span> <span class='ocrx_word' id='word_1_148' title='bbox 965 2483 1036 2526; x_wconf 88' lang='lat' dir='ltr'><strong>raro</strong></span> <span class='ocrx_word' id='word_1_149' title='bbox 1056 2461 1158 2528; x_wconf 89' lang='lat' dir='ltr'><strong>valent</strong></span> <span class='ocrx_word' id='word_1_150' title='bbox 1180 2461 1219 2526; x_wconf 91' lang='lat' dir='ltr'><strong>ad</strong></span> <span class='ocrx_word' id='word_1_151' title='bbox 1244 2460 1335 2526; x_wconf 87' lang='lat' dir='ltr'><strong>fidem</strong></span> <span class='ocrx_word' id='word_1_152' title='bbox 1356 2459 1524 2544; x_wconf 86' lang='lat' dir='ltr'><strong>scripturae</strong></span> <span class='ocrx_word' id='word_1_153' title='bbox 1544 2459 1634 2524; x_wconf 91' lang='lat' dir='ltr'><strong>alicui</strong></span> <span class='ocrx_word' id='word_1_154' title='bbox 1655 2466 1709 2523; x_wconf 91' lang='lat' dir='ltr'><strong>aut</strong></span> <span class='ocrx_word' id='word_1_155' title='bbox 1728 2457 1838 2523; x_wconf 88' lang='lat' dir='ltr'><strong>lacien-</strong></span> 
     </span>
     <span class='ocr_line' id='line_1_17' title="bbox 618 2563 1011 2631; baseline -0.01 0"><span class='ocrx_word' id='word_1_156' title='bbox 618 2564 689 2631; x_wconf 89' lang='lat' dir='ltr'><strong>dam</strong></span> <span class='ocrx_word' id='word_1_157' title='bbox 709 2573 765 2630; x_wconf 91' lang='lat' dir='ltr'><strong>aut</strong></span> <span class='ocrx_word' id='word_1_158' title='bbox 785 2563 1011 2629; x_wconf 88' lang='lat' dir='ltr'><strong>detrahendam.</strong></span> 
     </span>
    </p>
   </div>
   <div class='ocr_carea' id='block_1_3' title="bbox 572 2763 1868 5302">
    <p class='ocr_par' dir='ltr' id='par_1_4' title="bbox 572 2763 1868 5302">
     <span class='ocr_line' id='line_1_18' title="bbox 709 2763 1838 2854; baseline -0.006 -21"><span class='ocrx_word' id='word_1_159' title='bbox 709 2769 799 2849; x_wconf 81' lang='lat' dir='ltr'><strong>Quos</strong></span> <span class='ocrx_word' id='word_1_160' title='bbox 819 2767 1011 2854; x_wconf 91' lang='lat' dir='ltr'><strong>potissimum</strong></span> <span class='ocrx_word' id='word_1_161' title='bbox 1034 2765 1155 2832; x_wconf 90' lang='lat' dir='ltr'><strong>codices</strong></span> <span class='ocrx_word' id='word_1_162' title='bbox 1171 2774 1295 2832; x_wconf 89' lang='lat' dir='ltr'><strong>secutus</strong></span> <span class='ocrx_word' id='word_1_163' title='bbox 1317 2766 1373 2830; x_wconf 90' lang='lat' dir='ltr'><strong>sim</strong></span> <span class='ocrx_word' id='word_1_164' title='bbox 1392 2765 1427 2830; x_wconf 96' lang='lat' dir='ltr'><strong>in</strong></span> <span class='ocrx_word' id='word_1_165' title='bbox 1446 2763 1677 2829; x_wconf 84' lang='lat' dir='ltr'><strong>emendandis</strong></span> <span class='ocrx_word' id='word_1_166' title='bbox 1701 2764 1838 2829; x_wconf 87' lang='lat' dir='ltr'><strong>Macro-</strong></span> 
     </span>
     <span class='ocr_line' id='line_1_19' title="bbox 620 2866 1840 2957; baseline -0.007 -18"><span class='ocrx_word' id='word_1_167' title='bbox 620 2873 672 2939; x_wconf 88' lang='lat' dir='ltr'><strong>bii</strong></span> <span class='ocrx_word' id='word_1_168' title='bbox 694 2872 865 2957; x_wconf 90' lang='lat' dir='ltr'><strong>operibus</strong></span> <span class='ocrx_word' id='word_1_169' title='bbox 886 2869 1090 2934; x_wconf 90' lang='lat' dir='ltr'><strong>demonstravi</strong></span> <span class='ocrx_word' id='word_1_170' title='bbox 1111 2869 1143 2933; x_wconf 93' lang='lat' dir='ltr'><strong>in</strong></span> <span class='ocrx_word' id='word_1_171' title='bbox 1167 2867 1404 2954; x_wconf 84' lang='lat' dir='ltr'><strong>prolegomenis,</strong></span> <span class='ocrx_word' id='word_1_172' title='bbox 1438 2887 1503 2953; x_wconf 88' lang='lat' dir='ltr'><strong>cap.</strong></span> <span class='ocrx_word' id='word_1_173' title='bbox 1525 2866 1576 2932; x_wconf 85' lang='lat' dir='ltr'><strong>V.:</strong></span> <span class='ocrx_word' id='word_1_174' title='bbox 1609 2866 1761 2951; x_wconf 91' lang='lat' dir='ltr'><strong>reliquum</strong></span> <span class='ocrx_word' id='word_1_175' title='bbox 1784 2873 1840 2941; x_wconf 80' lang='lat' dir='ltr'><strong>est,</strong></span> 
     </span>
     <span class='ocr_line' id='line_1_20' title="bbox 620 2968 1839 3056; baseline -0.007 -16"><span class='ocrx_word' id='word_1_176' title='bbox 620 2983 657 3040; x_wconf 91' lang='lat' dir='ltr'><strong>ut</strong></span> <span class='ocrx_word' id='word_1_177' title='bbox 678 2974 719 3039; x_wconf 92' lang='lat' dir='ltr'><strong>de</strong></span> <span class='ocrx_word' id='word_1_178' title='bbox 742 2973 860 3038; x_wconf 88' lang='lat' dir='ltr'><strong>ratione</strong></span> <span class='ocrx_word' id='word_1_179' title='bbox 882 2971 1044 3036; x_wconf 90' lang='lat' dir='ltr'><strong>dicendum</strong></span> <span class='ocrx_word' id='word_1_180' title='bbox 1067 2992 1134 3035; x_wconf 89' lang='lat' dir='ltr'><strong>esse</strong></span> <span class='ocrx_word' id='word_1_181' title='bbox 1157 2971 1308 3050; x_wconf 88' lang='lat' dir='ltr'><strong>videatur,</strong></span> <span class='ocrx_word' id='word_1_182' title='bbox 1343 2990 1405 3056; x_wconf 92' lang='lat' dir='ltr'><strong>qua</strong></span> <span class='ocrx_word' id='word_1_183' title='bbox 1431 2969 1462 3032; x_wconf 92' lang='lat' dir='ltr'><strong>in</strong></span> <span class='ocrx_word' id='word_1_184' title='bbox 1483 2968 1711 3046; x_wconf 88' lang='lat' dir='ltr'><strong>constituendo,</strong></span> <span class='ocrx_word' id='word_1_185' title='bbox 1747 2986 1839 3052; x_wconf 93' lang='lat' dir='ltr'><strong>quem</strong></span> 
     </span>
     <span class='ocr_line' id='line_1_21' title="bbox 621 3069 1841 3156; baseline -0.008 -14"><span class='ocrx_word' id='word_1_186' title='bbox 621 3076 743 3154; x_wconf 90' lang='lat' dir='ltr'><strong>dicunt,</strong></span> <span class='ocrx_word' id='word_1_187' title='bbox 777 3075 941 3140; x_wconf 91' lang='lat' dir='ltr'><strong>verborum</strong></span> <span class='ocrx_word' id='word_1_188' title='bbox 973 3080 1119 3138; x_wconf 87' lang='lat' dir='ltr'><strong>contextu</strong></span> <span class='ocrx_word' id='word_1_189' title='bbox 1151 3094 1228 3138; x_wconf 92' lang='lat' dir='ltr'><strong>usus</strong></span> <span class='ocrx_word' id='word_1_190' title='bbox 1264 3073 1330 3138; x_wconf 93' lang='lat' dir='ltr'><strong>sim.</strong></span> <span class='ocrx_word' id='word_1_191' title='bbox 1374 3071 1435 3136; x_wconf 84' lang='lat' dir='ltr'><strong>Vix</strong></span> <span class='ocrx_word' id='word_1_192' title='bbox 1460 3070 1615 3156; x_wconf 90' lang='lat' dir='ltr'><strong>estquod</strong></span> <span class='ocrx_word' id='word_1_193' title='bbox 1642 3089 1784 3134; x_wconf 92' lang='lat' dir='ltr'><strong>moneam</strong></span> <span class='ocrx_word' id='word_1_194' title='bbox 1809 3069 1841 3132; x_wconf 93' lang='lat' dir='ltr'><strong>in</strong></span> 
     </span>
     <span class='ocr_line' id='line_1_22' title="bbox 622 3172 1840 3263; baseline -0.007 -19"><span class='ocrx_word' id='word_1_195' title='bbox 622 3176 776 3245; x_wconf 91' lang='lat' dir='ltr'><strong>eiusmodi</strong></span> <span class='ocrx_word' id='word_1_196' title='bbox 798 3176 976 3263; x_wconf 90' lang='lat' dir='ltr'><strong>praesertim</strong></span> <span class='ocrx_word' id='word_1_197' title='bbox 1003 3175 1150 3261; x_wconf 84' lang='lat' dir='ltr'><strong>scriptore</strong></span> <span class='ocrx_word' id='word_1_198' title='bbox 1179 3175 1392 3241; x_wconf 91' lang='lat' dir='ltr'><strong>auctoritatem</strong></span> <span class='ocrx_word' id='word_1_199' title='bbox 1424 3172 1564 3238; x_wconf 92' lang='lat' dir='ltr'><strong>codicum</strong></span> <span class='ocrx_word' id='word_1_200' title='bbox 1594 3172 1759 3258; x_wconf 91' lang='lat' dir='ltr'><strong>plurimum</strong></span> <span class='ocrx_word' id='word_1_201' title='bbox 1789 3191 1840 3236; x_wconf 88' lang='lat' dir='ltr'><strong>va-</strong></span> 
     </span>
     <span class='ocr_line' id='line_1_23' title="bbox 622 3272 1842 3364; baseline -0.01 -17"><span class='ocrx_word' id='word_1_202' title='bbox 622 3282 696 3347; x_wconf 88' lang='lat' dir='ltr'><strong>lere.</strong></span> <span class='ocrx_word' id='word_1_203' title='bbox 740 3280 923 3364; x_wconf 90' lang='lat' dir='ltr'><strong>Ubicunque</strong></span> <span class='ocrx_word' id='word_1_204' title='bbox 943 3278 1036 3364; x_wconf 88' lang='lat' dir='ltr'><strong>igitur</strong></span> <span class='ocrx_word' id='word_1_205' title='bbox 1055 3277 1212 3364; x_wconf 83' lang='lat' dir='ltr'><strong>probabile</strong></span> <span class='ocrx_word' id='word_1_206' title='bbox 1231 3278 1306 3362; x_wconf 91' lang='lat' dir='ltr'><strong>qnid</strong></span> <span class='ocrx_word' id='word_1_207' title='bbox 1326 3277 1448 3341; x_wconf 92' lang='lat' dir='ltr'><strong>codices</strong></span> <span class='ocrx_word' id='word_1_208' title='bbox 1465 3276 1658 3351; x_wconf 89' lang='lat' dir='ltr'><strong>exhibebant,</strong></span> <span class='ocrx_word' id='word_1_209' title='bbox 1680 3273 1710 3337; x_wconf 96' lang='lat' dir='ltr'><strong>id</strong></span> <span class='ocrx_word' id='word_1_210' title='bbox 1730 3272 1842 3357; x_wconf 88' lang='lat' dir='ltr'><strong>recepi,</strong></span> 
     </span>
     <span class='ocr_line' id='line_1_24' title="bbox 572 3373 1842 3461; baseline -0.007 -17"><span class='ocrx_word' id='word_1_211' title='bbox 572 3433 575 3444; x_wconf 93' lang='lat'><em>.</em></span> <span class='ocrx_word' id='word_1_212' title='bbox 625 3403 642 3448; x_wconf 92' lang='lat' dir='ltr'><strong>e</strong></span> <span class='ocrx_word' id='word_1_213' title='bbox 678 3382 883 3447; x_wconf 87' lang='lat' dir='ltr'><strong>deterioribus</strong></span> <span class='ocrx_word' id='word_1_214' title='bbox 913 3380 1084 3456; x_wconf 82' lang='lat' dir='ltr'><strong>dumtaxat,</strong></span> <span class='ocrx_word' id='word_1_215' title='bbox 1119 3378 1174 3443; x_wconf 93' lang='lat' dir='ltr'><strong>ubi</strong></span> <span class='ocrx_word' id='word_1_216' title='bbox 1204 3378 1236 3441; x_wconf 91' lang='lat' dir='ltr'><strong>id</strong></span> <span class='ocrx_word' id='word_1_217' title='bbox 1267 3377 1352 3461; x_wconf 92' lang='lat' dir='ltr'><strong>quod</strong></span> <span class='ocrx_word' id='word_1_218' title='bbox 1385 3376 1416 3439; x_wconf 91' lang='lat' dir='ltr'><strong>in</strong></span> <span class='ocrx_word' id='word_1_219' title='bbox 1446 3375 1622 3439; x_wconf 85' lang='lat' dir='ltr'><strong>melioribus</strong></span> <span class='ocrx_word' id='word_1_220' title='bbox 1653 3373 1842 3438; x_wconf 84' lang='lat' dir='ltr'><strong>inveniebam</strong></span> 
     </span>
     <span class='ocr_line' id='line_1_25' title="bbox 625 3473 1843 3565; baseline -0.01 -16"><span class='ocrx_word' id='word_1_221' title='bbox 625 3484 752 3549; x_wconf 92' lang='lat' dir='ltr'><strong>omnino</strong></span> <span class='ocrx_word' id='word_1_222' title='bbox 774 3503 838 3548; x_wconf 92' lang='lat' dir='ltr'><strong>non</strong></span> <span class='ocrx_word' id='word_1_223' title='bbox 863 3482 1022 3548; x_wconf 86' lang='lat' dir='ltr'><strong>ridebatur</strong></span> <span class='ocrx_word' id='word_1_224' title='bbox 1046 3501 1138 3565; x_wconf 86' lang='lat' dir='ltr'><strong>posse</strong></span> <span class='ocrx_word' id='word_1_225' title='bbox 1162 3478 1294 3542; x_wconf 86' lang='lat' dir='ltr'><strong>admitti:</strong></span> <span class='ocrx_word' id='word_1_226' title='bbox 1325 3476 1504 3557; x_wconf 89' lang='lat' dir='ltr'><strong>ubicunque</strong></span> <span class='ocrx_word' id='word_1_227' title='bbox 1526 3493 1600 3539; x_wconf 92' lang='lat' dir='ltr'><strong>vero</strong></span> <span class='ocrx_word' id='word_1_228' title='bbox 1622 3473 1762 3539; x_wconf 92' lang='lat' dir='ltr'><strong>codicum</strong></span> <span class='ocrx_word' id='word_1_229' title='bbox 1784 3493 1843 3557; x_wconf 91' lang='lat' dir='ltr'><strong>ope</strong></span> 
     </span>
     <span class='ocr_line' id='line_1_26' title="bbox 626 3574 1843 3667; baseline -0.01 -17"><span class='ocrx_word' id='word_1_230' title='bbox 626 3605 708 3650; x_wconf 88' lang='lat' dir='ltr'><strong>eram</strong></span> <span class='ocrx_word' id='word_1_231' title='bbox 732 3584 906 3660; x_wconf 89' lang='lat' dir='ltr'><strong>destitutus,</strong></span> <span class='ocrx_word' id='word_1_232' title='bbox 924 3583 955 3648; x_wconf 95' lang='lat' dir='ltr'><strong>id</strong></span> <span class='ocrx_word' id='word_1_233' title='bbox 972 3583 1055 3667; x_wconf 93' lang='lat' dir='ltr'><strong>quod</strong></span> <span class='ocrx_word' id='word_1_234' title='bbox 1071 3581 1246 3646; x_wconf 89' lang='lat' dir='ltr'><strong>coniectura</strong></span> <span class='ocrx_word' id='word_1_235' title='bbox 1268 3600 1319 3644; x_wconf 91' lang='lat' dir='ltr'><strong>me</strong></span> <span class='ocrx_word' id='word_1_236' title='bbox 1338 3597 1428 3663; x_wconf 91' lang='lat' dir='ltr'><strong>posse</strong></span> <span class='ocrx_word' id='word_1_237' title='bbox 1447 3576 1570 3661; x_wconf 89' lang='lat' dir='ltr'><strong>assequi</strong></span> <span class='ocrx_word' id='word_1_238' title='bbox 1585 3577 1728 3661; x_wconf 88' lang='lat' dir='ltr'><strong>putabam</strong></span> <span class='ocrx_word' id='word_1_239' title='bbox 1750 3574 1843 3640; x_wconf 93' lang='lat' dir='ltr'><strong>malui</strong></span> 
     </span>
     <span class='ocr_line' id='line_1_27' title="bbox 627 3662 1868 3771; baseline -0.007 -20"><span class='ocrx_word' id='word_1_240' title='bbox 627 3688 658 3751; x_wconf 93' lang='lat' dir='ltr'><strong>in</strong></span> <span class='ocrx_word' id='word_1_241' title='bbox 675 3686 872 3750; x_wconf 92' lang='lat' dir='ltr'><strong>adnotatione</strong></span> <span class='ocrx_word' id='word_1_242' title='bbox 894 3705 1008 3771; x_wconf 92' lang='lat' dir='ltr'><strong>ponere</strong></span> <span class='ocrx_word' id='word_1_243' title='bbox 1027 3704 1119 3769; x_wconf 93' lang='lat' dir='ltr'><strong>quam</strong></span> <span class='ocrx_word' id='word_1_244' title='bbox 1142 3683 1252 3747; x_wconf 92' lang='lat' dir='ltr'><strong>eiicere</strong></span> <span class='ocrx_word' id='word_1_245' title='bbox 1271 3680 1464 3765; x_wconf 88' lang='lat' dir='ltr'><strong>scripturam,</strong></span> <span class='ocrx_word' id='word_1_246' title='bbox 1490 3679 1629 3764; x_wconf 89' lang='lat' dir='ltr'><strong>quamvis</strong></span> <span class='ocrx_word' id='word_1_247' title='bbox 1648 3678 1766 3755; x_wconf 88' lang='lat' dir='ltr'><strong>lalsam,</strong></span> <span class='ocrx_word' id='word_1_248' title='bbox 1791 3699 1842 3742; x_wconf 88' lang='lat' dir='ltr'><strong>co-</strong></span> <span class='ocrx_word' id='word_1_249' title='bbox 1863 3662 1868 3671; x_wconf 44' lang='lat'>¹</span> 
     </span>
     <span class='ocr_line' id='line_1_28' title="bbox 627 3779 1844 3871; baseline -0.008 -18"><span class='ocrx_word' id='word_1_250' title='bbox 627 3788 728 3853; x_wconf 91' lang='lat' dir='ltr'><strong>dicum</strong></span> <span class='ocrx_word' id='word_1_251' title='bbox 760 3787 807 3852; x_wconf 93' lang='lat' dir='ltr'><strong>vel</strong></span> <span class='ocrx_word' id='word_1_252' title='bbox 838 3787 1007 3852; x_wconf 89' lang='lat' dir='ltr'><strong>editionum</strong></span> <span class='ocrx_word' id='word_1_253' title='bbox 1036 3785 1234 3871; x_wconf 92' lang='lat' dir='ltr'><strong>plurimarum</strong></span> <span class='ocrx_word' id='word_1_254' title='bbox 1265 3781 1447 3848; x_wconf 88' lang='lat' dir='ltr'><strong>auctoritate</strong></span> <span class='ocrx_word' id='word_1_255' title='bbox 1476 3779 1641 3859; x_wconf 87' lang='lat' dir='ltr'><strong>firmatam,</strong></span> <span class='ocrx_word' id='word_1_256' title='bbox 1676 3780 1734 3844; x_wconf 93' lang='lat' dir='ltr'><strong>nisi</strong></span> <span class='ocrx_word' id='word_1_257' title='bbox 1766 3779 1844 3844; x_wconf 88' lang='lat' dir='ltr'><strong>lorte</strong></span> 
     </span>
     <span class='ocr_line' id='line_1_29' title="bbox 627 3881 1843 3977; baseline -0.008 -23"><span class='ocrx_word' id='word_1_258' title='bbox 627 3910 752 3977; x_wconf 91' lang='lat' dir='ltr'><strong>prorsus</strong></span> <span class='ocrx_word' id='word_1_259' title='bbox 774 3889 857 3953; x_wconf 88' lang='lat' dir='ltr'><strong>nulla</strong></span> <span class='ocrx_word' id='word_1_260' title='bbox 880 3888 996 3953; x_wconf 89' lang='lat' dir='ltr'><strong>moveri</strong></span> <span class='ocrx_word' id='word_1_261' title='bbox 1020 3907 1110 3972; x_wconf 89' lang='lat' dir='ltr'><strong>posse</strong></span> <span class='ocrx_word' id='word_1_262' title='bbox 1131 3886 1291 3952; x_wconf 89' lang='lat' dir='ltr'><strong>videbatur</strong></span> <span class='ocrx_word' id='word_1_263' title='bbox 1313 3884 1477 3949; x_wconf 90' lang='lat' dir='ltr'><strong>dubitatio:</strong></span> <span class='ocrx_word' id='word_1_264' title='bbox 1510 3905 1570 3967; x_wconf 90' lang='lat' dir='ltr'><strong>qua</strong></span> <span class='ocrx_word' id='word_1_265' title='bbox 1598 3883 1629 3947; x_wconf 95' lang='lat' dir='ltr'><strong>in</strong></span> <span class='ocrx_word' id='word_1_266' title='bbox 1654 3904 1687 3947; x_wconf 91' lang='lat' dir='ltr'><strong>re</strong></span> <span class='ocrx_word' id='word_1_267' title='bbox 1710 3891 1742 3948; x_wconf 91' lang='lat' dir='ltr'><strong>et</strong></span> <span class='ocrx_word' id='word_1_268' title='bbox 1766 3881 1843 3946; x_wconf 93' lang='lat' dir='ltr'><strong>mori</strong></span> 
     </span>
     <span class='ocr_line' id='line_1_30' title="bbox 628 3983 1843 4078; baseline -0.01 -20"><span class='ocrx_word' id='word_1_269' title='bbox 628 3992 748 4059; x_wconf 93' lang='lat' dir='ltr'><strong>dicendi</strong></span> <span class='ocrx_word' id='word_1_270' title='bbox 778 3990 935 4078; x_wconf 87' lang='lat' dir='ltr'><strong>scriptoris</strong></span> <span class='ocrx_word' id='word_1_271' title='bbox 961 3997 993 4054; x_wconf 91' lang='lat' dir='ltr'><strong>et</strong></span> <span class='ocrx_word' id='word_1_272' title='bbox 1018 3988 1109 4054; x_wconf 80' lang='lat' dir='ltr'><strong>nexui</strong></span> <span class='ocrx_word' id='word_1_273' title='bbox 1133 3988 1351 4053; x_wconf 87' lang='lat' dir='ltr'><strong>sententiarum</strong></span> <span class='ocrx_word' id='word_1_274' title='bbox 1377 3986 1541 4070; x_wconf 92' lang='lat' dir='ltr'><strong>plurimum</strong></span> <span class='ocrx_word' id='word_1_275' title='bbox 1567 3985 1662 4050; x_wconf 92' lang='lat' dir='ltr'><strong>tribui</strong></span> <span class='ocrx_word' id='word_1_276' title='bbox 1687 3983 1843 4049; x_wconf 88' lang='lat' dir='ltr'><strong>momenti.</strong></span> 
     </span>
     <span class='ocr_line' id='line_1_31' title="bbox 627 4086 1845 4173; baseline -0.01 -13"><span class='ocrx_word' id='word_1_277' title='bbox 627 4095 768 4161; x_wconf 88' lang='lat' dir='ltr'><strong>Liberius</strong></span> <span class='ocrx_word' id='word_1_278' title='bbox 792 4091 968 4158; x_wconf 87' lang='lat' dir='ltr'><strong>coniectura</strong></span> <span class='ocrx_word' id='word_1_279' title='bbox 990 4111 1067 4156; x_wconf 91' lang='lat' dir='ltr'><strong>usus</strong></span> <span class='ocrx_word' id='word_1_280' title='bbox 1088 4112 1156 4155; x_wconf 91' lang='lat' dir='ltr'><strong>sum</strong></span> <span class='ocrx_word' id='word_1_281' title='bbox 1181 4090 1212 4154; x_wconf 94' lang='lat' dir='ltr'><strong>in</strong></span> <span class='ocrx_word' id='word_1_282' title='bbox 1233 4088 1383 4173; x_wconf 83' lang='lat' dir='ltr'><strong>excerptis</strong></span> <span class='ocrx_word' id='word_1_283' title='bbox 1405 4086 1620 4171; x_wconf 82' lang='lat' dir='ltr'><strong>grammaticis:</strong></span> <span class='ocrx_word' id='word_1_284' title='bbox 1650 4095 1687 4151; x_wconf 92' lang='lat' dir='ltr'><strong>ut</strong></span> <span class='ocrx_word' id='word_1_285' title='bbox 1713 4105 1845 4169; x_wconf 78' lang='lat' dir='ltr'><strong>quonum</strong></span> 
     </span>
     <span class='ocr_line' id='line_1_32' title="bbox 627 4185 1846 4281; baseline -0.011 -19"><span class='ocrx_word' id='word_1_286' title='bbox 627 4219 708 4262; x_wconf 93' lang='lat' dir='ltr'><strong>unus</strong></span> <span class='ocrx_word' id='word_1_287' title='bbox 738 4204 857 4260; x_wconf 93' lang='lat' dir='ltr'><strong>tantum</strong></span> <span class='ocrx_word' id='word_1_288' title='bbox 888 4201 1022 4259; x_wconf 89' lang='lat' dir='ltr'><strong>exstaret</strong></span> <span class='ocrx_word' id='word_1_289' title='bbox 1050 4193 1147 4258; x_wconf 88' lang='lat' dir='ltr'><strong>codex</strong></span> <span class='ocrx_word' id='word_1_290' title='bbox 1177 4212 1271 4281; x_wconf 89' lang='lat' dir='ltr'><strong>manu</strong></span> <span class='ocrx_word' id='word_1_291' title='bbox 1304 4189 1443 4274; x_wconf 88' lang='lat' dir='ltr'><strong>scriptus.</strong></span> <span class='ocrx_word' id='word_1_292' title='bbox 1493 4188 1595 4265; x_wconf 85' lang='lat' dir='ltr'><strong>Quam</strong></span> <span class='ocrx_word' id='word_1_293' title='bbox 1628 4187 1659 4250; x_wconf 94' lang='lat' dir='ltr'><strong>in</strong></span> <span class='ocrx_word' id='word_1_294' title='bbox 1689 4185 1846 4251; x_wconf 87' lang='lat' dir='ltr'><strong>Ciceronis</strong></span> 
     </span>
     <span class='ocr_line' id='line_1_33' title="bbox 629 4287 1846 4383; baseline -0.009 -20"><span class='ocrx_word' id='word_1_295' title='bbox 629 4299 758 4365; x_wconf 85' lang='lat' dir='ltr'><strong>Somnio</strong></span> <span class='ocrx_word' id='word_1_296' title='bbox 790 4296 942 4383; x_wconf 87' lang='lat' dir='ltr'><strong>Scipionis</strong></span> <span class='ocrx_word' id='word_1_297' title='bbox 974 4295 1048 4380; x_wconf 87' lang='lat' dir='ltr'><strong>(cap.</strong></span> <span class='ocrx_word' id='word_1_298' title='bbox 1073 4295 1119 4371; x_wconf 93' lang='lat' dir='ltr'><strong>ll,</strong></span> <span class='ocrx_word' id='word_1_299' title='bbox 1145 4303 1164 4370; x_wconf 76' lang='lat' dir='ltr'><strong>s</strong></span> <span class='ocrx_word' id='word_1_300' title='bbox 1190 4294 1229 4379; x_wconf 82' lang='grc'><strong>3.)</strong></span> <span class='ocrx_word' id='word_1_301' title='bbox 1259 4291 1362 4376; x_wconf 88' lang='lat' dir='ltr'><strong>recepi</strong></span> <span class='ocrx_word' id='word_1_302' title='bbox 1387 4288 1593 4354; x_wconf 87' lang='lat' dir='ltr'><strong>coniecturam</strong></span> <span class='ocrx_word' id='word_1_303' title='bbox 1616 4307 1634 4351; x_wconf 91' lang='lat' dir='ltr'><strong>a</strong></span> <span class='ocrx_word' id='word_1_304' title='bbox 1659 4289 1693 4351; x_wconf 86' lang='lat' dir='ltr'><strong>F.</strong></span> <span class='ocrx_word' id='word_1_305' title='bbox 1719 4287 1846 4353; x_wconf 88' lang='lat' dir='ltr'><strong>Osanno</strong></span> 
     </span>
     <span class='ocr_line' id='line_1_34' title="bbox 630 4389 1846 4484; baseline -0.009 -20"><span class='ocrx_word' id='word_1_306' title='bbox 630 4399 848 4484; x_wconf 90' lang='lat' dir='ltr'><strong>improbatam,</strong></span> <span class='ocrx_word' id='word_1_307' title='bbox 882 4419 950 4463; x_wconf 89' lang='lat' dir='ltr'><strong>eam</strong></span> <span class='ocrx_word' id='word_1_308' title='bbox 980 4397 1082 4480; x_wconf 90' lang='lat' dir='ltr'><strong>aliqua</strong></span> <span class='ocrx_word' id='word_1_309' title='bbox 1111 4417 1147 4461; x_wconf 89' lang='lat' dir='ltr'><strong>ea</strong></span> <span class='ocrx_word' id='word_1_310' title='bbox 1177 4402 1263 4481; x_wconf 89' lang='lat' dir='ltr'><strong>parte</strong></span> <span class='ocrx_word' id='word_1_311' title='bbox 1294 4393 1325 4457; x_wconf 93' lang='lat' dir='ltr'><strong>in</strong></span> <span class='ocrx_word' id='word_1_312' title='bbox 1352 4390 1510 4457; x_wconf 85' lang='lat' dir='ltr'><strong>Addendis</strong></span> <span class='ocrx_word' id='word_1_313' title='bbox 1535 4389 1697 4455; x_wconf 79' lang='lat' dir='ltr'><strong>defendere</strong></span> <span class='ocrx_word' id='word_1_314' title='bbox 1719 4397 1846 4455; x_wconf 92' lang='lat' dir='ltr'><strong>conatus</strong></span> 
     </span>
     <span class='ocr_line' id='line_1_35' title="bbox 630 4494 1845 4587; baseline -0.01 -20"><span class='ocrx_word' id='word_1_315' title='bbox 630 4522 713 4567; x_wconf 90' lang='lat' dir='ltr'><strong>sum:</strong></span> <span class='ocrx_word' id='word_1_316' title='bbox 745 4500 803 4564; x_wconf 88' lang='lat' dir='ltr'><strong>alia</strong></span> <span class='ocrx_word' id='word_1_317' title='bbox 827 4499 975 4587; x_wconf 79' lang='lat' dir='ltr'><strong>proferam</strong></span> <span class='ocrx_word' id='word_1_318' title='bbox 1001 4498 1061 4563; x_wconf 86' lang='lat' dir='ltr'><strong>alio</strong></span> <span class='ocrx_word' id='word_1_319' title='bbox 1086 4498 1163 4563; x_wconf 93' lang='lat' dir='ltr'><strong>loco.</strong></span> <span class='ocrx_word' id='word_1_320' title='bbox 1212 4494 1498 4580; x_wconf 86' lang='lat' dir='ltr'><strong>interpungendi</strong></span> <span class='ocrx_word' id='word_1_321' title='bbox 1528 4514 1594 4557; x_wconf 90' lang='lat' dir='ltr'><strong>eam</strong></span> <span class='ocrx_word' id='word_1_322' title='bbox 1625 4499 1748 4556; x_wconf 87' lang='lat' dir='ltr'><strong>secutus</strong></span> <span class='ocrx_word' id='word_1_323' title='bbox 1778 4512 1845 4556; x_wconf 89' lang='lat' dir='ltr'><strong>sum</strong></span> 
     </span>
     <span class='ocr_line' id='line_1_36' title="bbox 630 4592 1847 4684; baseline -0.01 -15"><span class='ocrx_word' id='word_1_324' title='bbox 630 4604 794 4680; x_wconf 88' lang='lat' dir='ltr'><strong>rationem,</strong></span> <span class='ocrx_word' id='word_1_325' title='bbox 823 4610 858 4667; x_wconf 92' lang='lat' dir='ltr'><strong>ut</strong></span> <span class='ocrx_word' id='word_1_326' title='bbox 889 4609 1074 4668; x_wconf 90' lang='lat' dir='ltr'><strong>commatum</strong></span> <span class='ocrx_word' id='word_1_327' title='bbox 1105 4598 1343 4684; x_wconf 90' lang='lat' dir='ltr'><strong>constringerem</strong></span> <span class='ocrx_word' id='word_1_328' title='bbox 1369 4594 1585 4683; x_wconf 75' lang='lat' dir='ltr'><strong>abundantiam</strong></span> <span class='ocrx_word' id='word_1_329' title='bbox 1612 4615 1673 4678; x_wconf 89' lang='lat' dir='ltr'><strong>qua</strong></span> <span class='ocrx_word' id='word_1_330' title='bbox 1699 4592 1847 4658; x_wconf 87' lang='lat' dir='ltr'><strong>distrahe·</strong></span> 
     </span>
     <span class='ocr_line' id='line_1_37' title="bbox 631 4696 1847 4789; baseline -0.008 -18"><span class='ocrx_word' id='word_1_331' title='bbox 631 4715 737 4771; x_wconf 90' lang='lat' dir='ltr'><strong>rentur</strong></span> <span class='ocrx_word' id='word_1_332' title='bbox 756 4704 926 4771; x_wconf 90' lang='lat' dir='ltr'><strong>sententiae</strong></span> <span class='ocrx_word' id='word_1_333' title='bbox 944 4702 1082 4789; x_wconf 94' lang='lat' dir='ltr'><strong>inprimis</strong></span> <span class='ocrx_word' id='word_1_334' title='bbox 1104 4701 1136 4765; x_wconf 94' lang='lat' dir='ltr'><strong>in</strong></span> <span class='ocrx_word' id='word_1_335' title='bbox 1158 4700 1292 4766; x_wconf 92' lang='lat' dir='ltr'><strong>editione</strong></span> <span class='ocrx_word' id='word_1_336' title='bbox 1312 4696 1485 4784; x_wconf 88' lang='lat' dir='ltr'><strong>Bipontina.</strong></span> <span class='ocrx_word' id='word_1_337' title='bbox 1531 4696 1647 4760; x_wconf 90' lang='lat' dir='ltr'><strong>Sustuli</strong></span> <span class='ocrx_word' id='word_1_338' title='bbox 1669 4716 1742 4780; x_wconf 90' lang='lat' dir='ltr'><strong>ergo</strong></span> <span class='ocrx_word' id='word_1_339' title='bbox 1764 4718 1847 4761; x_wconf 91' lang='lat' dir='ltr'><strong>com·</strong></span> 
     </span>
     <span class='ocr_line' id='line_1_38' title="bbox 632 4797 1848 4894; baseline -0.011 -20"><span class='ocrx_word' id='word_1_340' title='bbox 632 4817 713 4873; x_wconf 84' lang='lat' dir='ltr'><strong>mata</strong></span> <span class='ocrx_word' id='word_1_341' title='bbox 734 4827 922 4894; x_wconf 89' lang='lat' dir='ltr'><strong>supervacua</strong></span> <span class='ocrx_word' id='word_1_342' title='bbox 944 4814 976 4871; x_wconf 91' lang='lat' dir='ltr'><strong>et</strong></span> <span class='ocrx_word' id='word_1_343' title='bbox 999 4805 1079 4869; x_wconf 87' lang='lat' dir='ltr'><strong>inter</strong></span> <span class='ocrx_word' id='word_1_344' title='bbox 1097 4810 1275 4868; x_wconf 89' lang='lat' dir='ltr'><strong>enumerata</strong></span> <span class='ocrx_word' id='word_1_345' title='bbox 1301 4800 1419 4885; x_wconf 90' lang='lat' dir='ltr'><strong>singula</strong></span> <span class='ocrx_word' id='word_1_346' title='bbox 1439 4797 1587 4865; x_wconf 91' lang='lat' dir='ltr'><strong>vocabula</strong></span> <span class='ocrx_word' id='word_1_347' title='bbox 1610 4805 1641 4862; x_wconf 92' lang='lat' dir='ltr'><strong>et</strong></span> <span class='ocrx_word' id='word_1_348' title='bbox 1663 4805 1735 4882; x_wconf 90' lang='lat' dir='ltr'><strong>post</strong></span> <span class='ocrx_word' id='word_1_349' title='bbox 1756 4798 1848 4882; x_wconf 88' lang='lat' dir='ltr'><strong>parti·</strong></span> 
     </span>
     <span class='ocr_line' id='line_1_39' title="bbox 632 4897 1849 4996; baseline -0.01 -21"><span class='ocrx_word' id='word_1_350' title='bbox 632 4910 709 4996; x_wconf 90' lang='lat' dir='ltr'><strong>cipia</strong></span> <span class='ocrx_word' id='word_1_351' title='bbox 735 4917 767 4975; x_wconf 93' lang='lat' dir='ltr'><strong>et</strong></span> <span class='ocrx_word' id='word_1_352' title='bbox 790 4925 827 4974; x_wconf 88' lang='lat' dir='ltr'><strong>ea</strong></span> <span class='ocrx_word' id='word_1_353' title='bbox 852 4908 965 4993; x_wconf 89' lang='lat' dir='ltr'><strong>quibus</strong></span> <span class='ocrx_word' id='word_1_354' title='bbox 990 4905 1219 4972; x_wconf 88' lang='lat' dir='ltr'><strong>includerentur</strong></span> <span class='ocrx_word' id='word_1_355' title='bbox 1243 4903 1411 4969; x_wconf 86' lang='lat' dir='ltr'><strong>sententiae</strong></span> <span class='ocrx_word' id='word_1_356' title='bbox 1433 4900 1589 4976; x_wconf 82' lang='lat' dir='ltr'><strong>relativae,</strong></span> <span class='ocrx_word' id='word_1_357' title='bbox 1619 4918 1698 4984; x_wconf 93' lang='lat' dir='ltr'><strong>quae</strong></span> <span class='ocrx_word' id='word_1_358' title='bbox 1724 4897 1849 4983; x_wconf 91' lang='lat' dir='ltr'><strong>quidem</strong></span> 
     </span>
     <span class='ocr_line' id='line_1_40' title="bbox 632 5000 1849 5096; baseline -0.012 -19"><span class='ocrx_word' id='word_1_359' title='bbox 632 5013 779 5078; x_wconf 86' lang='lat' dir='ltr'><strong>attributa</strong></span> <span class='ocrx_word' id='word_1_360' title='bbox 803 5010 954 5096; x_wconf 90' lang='lat' dir='ltr'><strong>quaedam</strong></span> <span class='ocrx_word' id='word_1_361' title='bbox 977 5008 1182 5074; x_wconf 89' lang='lat' dir='ltr'><strong>continerent:</strong></span> <span class='ocrx_word' id='word_1_362' title='bbox 1217 5006 1271 5070; x_wconf 91' lang='lat' dir='ltr'><strong>sed</strong></span> <span class='ocrx_word' id='word_1_363' title='bbox 1294 5003 1403 5089; x_wconf 93' lang='lat' dir='ltr'><strong>reliqui</strong></span> <span class='ocrx_word' id='word_1_364' title='bbox 1429 5024 1478 5079; x_wconf 90' lang='lat' dir='ltr'><strong>ea,</strong></span> <span class='ocrx_word' id='word_1_365' title='bbox 1511 5002 1565 5067; x_wconf 91' lang='lat' dir='ltr'><strong>nbi</strong></span> <span class='ocrx_word' id='word_1_366' title='bbox 1590 5001 1664 5086; x_wconf 90' lang='lat' dir='ltr'><strong>quid</strong></span> <span class='ocrx_word' id='word_1_367' title='bbox 1684 5000 1771 5084; x_wconf 92' lang='lat' dir='ltr'><strong>quasi</strong></span> <span class='ocrx_word' id='word_1_368' title='bbox 1794 5020 1849 5085; x_wconf 92' lang='lat' dir='ltr'><strong>per</strong></span> 
     </span>
     <span class='ocr_line' id='line_1_41' title="bbox 633 5101 1850 5199; baseline -0.01 -21"><span class='ocrx_word' id='word_1_369' title='bbox 633 5110 833 5199; x_wconf 76' lang='lat' dir='ltr'><strong>naptvtteccv</strong></span> <span class='ocrx_word' id='word_1_370' title='bbox 857 5112 995 5178; x_wconf 88' lang='lat' dir='ltr'><strong>additum</strong></span> <span class='ocrx_word' id='word_1_371' title='bbox 1020 5129 1089 5175; x_wconf 87' lang='lat' dir='ltr'><strong>esse</strong></span> <span class='ocrx_word' id='word_1_372' title='bbox 1111 5108 1279 5185; x_wconf 90' lang='lat' dir='ltr'><strong>videretur,</strong></span> <span class='ocrx_word' id='word_1_373' title='bbox 1309 5107 1355 5172; x_wconf 91' lang='lat' dir='ltr'><strong>vel</strong></span> <span class='ocrx_word' id='word_1_374' title='bbox 1380 5105 1435 5170; x_wconf 93' lang='lat' dir='ltr'><strong>ubi</strong></span> <span class='ocrx_word' id='word_1_375' title='bbox 1465 5104 1583 5169; x_wconf 88' lang='lat' dir='ltr'><strong>sublata</strong></span> <span class='ocrx_word' id='word_1_376' title='bbox 1606 5101 1850 5187; x_wconf 89' lang='lat' dir='ltr'><strong>interpunctione</strong></span> 
     </span>
     <span class='ocr_line' id='line_1_42' title="bbox 634 5201 1850 5302; baseline -0.012 -23"><span class='ocrx_word' id='word_1_377' title='bbox 634 5215 779 5302; x_wconf 87' lang='lat' dir='ltr'><strong>implicita</strong></span> <span class='ocrx_word' id='word_1_378' title='bbox 803 5222 885 5280; x_wconf 86' lang='lat' dir='ltr'><strong>esset</strong></span> <span class='ocrx_word' id='word_1_379' title='bbox 908 5211 1066 5280; x_wconf 86' lang='lat' dir='ltr'><strong>sententia.</strong></span> <span class='ocrx_word' id='word_1_380' title='bbox 1112 5209 1286 5276; x_wconf 90' lang='lat' dir='ltr'><strong>Semicolon</strong></span> <span class='ocrx_word' id='word_1_381' title='bbox 1305 5230 1375 5276; x_wconf 87' lang='lat' dir='ltr'><strong>raro</strong></span> <span class='ocrx_word' id='word_1_382' title='bbox 1393 5206 1551 5293; x_wconf 89' lang='lat' dir='ltr'><strong>usurpavi,</strong></span> <span class='ocrx_word' id='word_1_383' title='bbox 1576 5205 1631 5271; x_wconf 92' lang='lat' dir='ltr'><strong>ubi</strong></span> <span class='ocrx_word' id='word_1_384' title='bbox 1651 5202 1775 5289; x_wconf 90' lang='lat' dir='ltr'><strong>quidem</strong></span> <span class='ocrx_word' id='word_1_385' title='bbox 1797 5201 1850 5265; x_wconf 90' lang='lat' dir='ltr'><strong>lla-</strong></span> 
     </span>
    </p>
   </div>
   <div class='ocr_carea' id='block_1_4' title="bbox 0 0 2588 6420">
    <p class='ocr_par' dir='ltr' id='par_1_5' title="bbox 0 0 2588 6420">
     <span class='ocr_line' id='line_1_43' title="bbox 0 0 2588 6420; baseline 0 0"><span class='ocrx_word' id='word_1_386' title='bbox 0 0 2588 6420; x_wconf 95' lang='lat' dir='ltr'><strong> </strong></span> 
     </span>
    </p>
   </div>
  </div>
 </body>
</html>
