5092 6425
846 879 984 950 COMM.
1004 880 1050 951 IN
1070 879 1198 950 SOMN.
1219 878 1318 948 SCIP.
1360 880 1436 948 ΗΒ.
1458 884 1482 948 Ι.
1525 884 1616 954 GAP.
1635 889 1691 956 lx
1809 893 1852 962 (13

676 1054 730 1130 Et,
752 1071 791 1116 ne
811 1050 860 1116 cui
881 1049 1073 1116 fastidiosum
1093 1050 1142 1129 sit,
1164 1050 1190 1116 si
1209 1071 1317 1118 versus
1337 1051 1430 1137 ipsos,
1453 1056 1490 1117 ut
1510 1061 1601 1138 poeta
1622 1055 1758 1126 Graecus
1780 1064 1880 1149 pro-'l

677 1138 759 1214 tulit,
779 1137 961 1214 inseramus,
981 1137 1151 1203 reseremus
1169 1157 1233 1216 eos,
1251 1143 1288 1203 ut
1308 1157 1348 1203 ex
1370 1137 1471 1204 verbis
1491 1138 1556 1204 suis
1576 1139 1609 1205 in
1629 1142 1739 1211 Latina
1757 1150 1850 1216 verha

677 1221 818 1290 conversi
845 1229 934 1286 sunt:

763 1307 911 1392 Indigetes
932 1307 999 1371 diei
1013 1307 1075 1393 soto
1095 1307 1207 1372 summi
1224 1307 1307 1371 Ιοοίο
1326 1304 1363 1370 1ιί
1385 1317 1472 1373 sant:

765 1392 926 1470 Quondam
946 1393 1093 1468 homines,
1117 1393 1204 1457 modo
1222 1414 1291 1457 cum
1310 1394 1429 1477 superes
1449 1393 1583 1458 hnmano
1602 1405 1723 1477 tuentes,

762 1480 863 1563 Largi
880 1500 916 1542 ac
937 1478 1086 1563 munifici,
1116 1479 1166 1541 ios
1186 1498 1291 1562 regum
1309 1498 1392 1541 anno
1410 1499 1525 1563 quoque
1545 1483 1635 1545 noeti

676 1565 746 1629 Hoc
766 1571 798 1628 et
819 1562 967 1648 Virgilius
991 1583 1054 1626 non
1076 1562 1210 1647 ignorat,
1238 1562 1309 1647 qui,
1336 1561 1408 1625 licet
1434 1573 1615 1646 argumento
1637 1587 1694 1632 suo
1714 1569 1879 1637 serviens8

675 1651 786 1716 heroas
805 1647 838 1712 in
859 1647 973 1712 inferos
994 1647 1183 1732 relegaverit,
1205 1669 1268 1712 non
1290 1654 1395 1711 tanmn
1415 1667 1468 1711 eos
1490 1647 1614 1714 abducit
1632 1672 1650 1715 a
1668 1654 1767 1733 caelo,
1789 1658 1899 1738 sed[51]

676 1735 803 1800 aethera
824 1733 873 1797 his
894 1733 1023 1818 deputat
1043 1733 1222 1818 largiorem,
1262 1741 1294 1797 et
1316 1752 1406 1796 nosse
1426 1752 1480 1797 eos
1506 1732 1602 1798 solem
1624 1757 1715 1802 suum
1737 1760 1772 1805 ac
1793 1763 1848 1809 sua

676 1822 778 1886 sidera
798 1817 974 1903 profitetur,
1000 1824 1036 1883 ut
1056 1817 1197 1902 geminae
1220 1816 1377 1882 doctrinae
1397 1817 1627 1884 ohservationes
1652 1825 1847 1906 praestiterit,

676 1915 710 1971 et
729 1903 866 1990 poeticae
888 1901 1069 1986 figmentum
1094 1910 1127 1968 et
1145 1900 1360 2000 philosophiae
1382 1901 1553 1967 veritatem.
1597 1907 1655 1984 Et,
1689 1907 1714 1972 si
1739 1917 1877 1981 secun-ll

677 1991 752 2055 dum
774 1989 861 2052 illum
880 2007 929 2052 res
946 2007 1072 2074 quoquo
1093 1987 1233 2067 leviores,
1254 2007 1331 2073 quas
1351 1987 1413 2054 vivi
1432 1999 1643 2071 exercuerant,
1662 1992 1755 2058 etiam
1776 2005 1848 2082 post

676 2095 788 2161 corpus
809 2080 969 2138 exercent:
1531 2118 1533 2120 ψ

1125 2191 1169 2206 ·-
1192 2156 1279 2235 Quae
1295 2157 1397 2242 pretio
1417 2167 1543 2237 oenum

761 2243 980 2328 domorumque
998 2241 1060 2326 fuel
1077 2241 1168 2319 aisis,
1196 2266 1273 2329 qnae
1292 2265 1368 2307 euro
1387 2243 1508 2307 niueas

763 2328 889 2390 Poscere
910 2348 1013 2412 equos,
1041 2327 1141 2391 σπάσον
1160 2330 1294 2414 sequetur
1315 2327 1418 2393 tellure
1437 2337 1587 2413 repostos:

675 2411 776 2479 multo
798 2410 895 2496 magis
918 2417 1053 2477 rectores
1079 2411 1234 2498 quondam
1254 2412 1380 2479 urbium
1402 2413 1517 2499 recepti
1538 2413 1571 2478 in
1598 2412 1717 2479 caelum
1739 2436 1845 2484 curam

675 2496 881 2583 regendorum
899 2494 1060 2560 hominum
1080 2498 1352 2585 nonrelinquant.
1394 2495 1462 2562 Hae
1483 2504 1586 2563 autem
1608 2501 1728 2565 animae
1745 2502 1777 2566 in
1798 2505 1897 2573 ul-so

674 2585 781 2649 timam
804 2581 965 2666 sphaeram
986 2581 1079 2669 recipi
1102 2584 1288 2661 creduntur,
1325 2603 1406 2669 quae
1433 2578 1580 2668 ἀπλανὴς
1608 2592 1749 2652 vocatur:
1788 2609 1846 2654 nec

673 2668 786 2734 lrustra
809 2667 868 2731 hoo
887 2675 1069 2751 usurpatum
1091 2675 1156 2747 est,
1190 2668 1343 2754 siquidem
1371 2667 1442 2734 inde
1469 2667 1624 2754 proiectae
1645 2677 1726 2736 sunt.
1769 2674 1845 2739 Ani-

673 2755 731 2819 mis
754 2752 836 2817 anim
864 2751 995 2817 necdum
1021 2752 1174 2834 desiderio
1194 2753 1332 2838 corporis
1351 2753 1483 2819 inretitis
1509 2754 1627 2821 siderea
1647 2777 1717 2840 pars
1738 2760 1846 2824 mundi
1910 2758 1913 2766 '

673 2846 807 2926 praestat
825 2836 1050 2914 habitaculum,
1085 2846 1117 2904 et
1137 2839 1210 2905 inde
1231 2838 1380 2905 labuntur
1400 2839 1432 2904 in
1454 2860 1597 2938 corpora:
1634 2839 1705 2906 ideo
1724 2841 1772 2908 his
1790 2845 1844 2911 illo

672 2934 720 2990 est
741 2923 867 3000 reditio,
900 2923 953 3008 qui
977 2932 1143 2989 merentur.
1184 2923 1367 2990 Rectissime
1389 2945 1463 3024 ergo
1486 2925 1602 2991 dictum
1624 2933 1684 3004 est,
1718 2949 1789 2994 cum
1811 2930 1844 2995 in

670 3009 826 3096 γαλαξίᾳ,
848 3029 941 3094 quem
961 3003 1109 3094 ἀπλανὴς
1127 3010 1279 3089 continet,
1299 3029 1402 3075 sermo
1423 3016 1481 3076 rste
1497 3012 1660 3097 procedat:
1681 3012 1753 3080 lehc
1767 3037 1844 3103 pro-

669 3097 818 3183 foetidae
838 3104 1038 3161 reseruntur.
1135 3179 1140 3189 ι

1452 3273 1538 3335 [aad.
1557 3272 1767 3343 vleahgspdsh.

671 3365 698 3413 7.
735 3360 772 3412 Et
793 3368 851 3410 sess
879 3362 955 3425 (sup.
979 3374 1013 3410 ne
1035 3358 1091 3417 cui)
1114 3353 1149 3407 B.
1175 3382 1210 3395 -
1235 3356 1322 3409 eerhis
1342 3356 1390 3408 sis
1411 3352 1447 3407 B.
1489 3359 1576 3411 vertis
1596 3360 1663 3411 eius
1694 3376 1723 3426 g.
1750 3386 1785 3399 -
1814 3361 1843 3415 iar

670 3429 751 3482 oerha
771 3427 858 3480 latins
884 3426 916 3478 F.
942 3454 976 3465 -
997 3430 1062 3491 foto
1084 3426 1140 3477 diui
1165 3424 1216 3475 Rl.
1241 3450 1278 3464 -
1302 3424 1365 3477 hae
1385 3424 1504 3490 πνοιῇσι·
1527 3425 1579 3477 Ru.
1600 3452 1635 3465 -
1660 3428 1743 3496 regis
1769 3427 1842 3482 Bsu.

772 3498 798 3545 8.
837 3502 994 3565 argumento
1017 3500 1085 3554 (orn.
1107 3496 1169 3551 suo)
1190 3491 1223 3542 Β.
1248 3517 1283 3530 -
1309 3494 1410 3557 inseras
1431 3493 1501 3558 (om.
1522 3494 1565 3553 ia)
1587 3494 1639 3545 Rl.
1677 3496 1843 3561 ininferna

670 3565 797 3617 Belem.
823 3588 854 3601 -
881 3563 1054 3631 religaverit
1081 3577 1106 3612 r.
1143 3559 1287 3629 religavit
1311 3559 1382 3611 Bes.
1421 3560 1559 3629 ligaverit
1581 3567 1669 3623 (corr.
1692 3562 1720 3614 iu
1743 3564 1843 3634 releg.)

669 3634 721 3684 Re.
739 3659 772 3668 -
793 3630 872 3681 solem
891 3647 923 3682 οο
941 3648 995 3682 sua
1012 3630 1101 3681 sidera
1116 3628 1169 3679 Ha.
1188 3655 1224 3666 —
1243 3628 1369 3696 geminae
1386 3628 1522 3681 doetrinae
1539 3646 1637 3697 quam
1652 3631 1843 3697 profitetur

668 3701 739 3753 Bsn.
761 3724 796 3740 -·
817 3699 1027 3751 observationem
1046 3699 1091 3748 ffl
1108 3695 1268 3760 ‚,mamhr.“
1288 3695 1364 3747 Mod.
1380 3694 1414 3747 N.
1429 3694 1461 3746 11.
1480 3713 1507 3762 p.
1528 3700 1585 3747 182
1606 3722 1642 3736 -
1663 3701 1844 3766 praestiterit

667 3785 693 3832 a,
711 3767 782 3835 quod
803 3765 924 3832 corrigit
940 3765 1016 3815 Mod.
1036 3766 1056 3816 l.
1075 3782 1099 3816 c.
1114 3792 1149 3806 -
1166 3764 1304 3816 veritatem
1324 3780 1388 3815 nore
1410 3763 1599 3817 deseruerit
1616 3764 1688 3817 Bas.

666 3842 693 3889 9.
728 3843 757 3889 ct
771 3841 832 3902 post
849 3833 920 3885 Burs.
940 3858 973 3873 -·
993 3834 1079 3899 Quae]
1100 3832 1178 3899 Virg.
1196 3833 1263 3882 Aen.
1282 3830 1327 3892 Vl,
1346 3832 1406 3882 053.
1423 3858 1456 3869 -
1474 3848 1599 3884 cannara
1617 3831 1790 3885 Bums-zFS.
1808 3861 1842 3874 -

665 3905 787 3957 reiteratio
806 3902 961 3952 BRlssGra.
996 3901 1134 3954 nitenteia
1151 3900 1215 3961 eng.
1249 3899 1363 3952 nitentes
1381 3897 1580 3953 ishFSPBss.
1597 3928 1630 3939 —
1647 3902 1680 3953 in
1698 3903 1792 3954 tellure
1808 3902 1841 3955 P.

665 3971 841 4041 -repostis
860 3970 911 4020 Rl.
933 3997 969 4008 —
989 3969 1103 4036 relinqu
1124 3975 1159 4020 nt
1176 3966 1287 4027 (deleta
1304 3966 1414 4027 litters,
1431 3983 1509 4083 ¹qsrsse
1528 3967 1641 4019 videtur
1656 3968 1747 4021 fnisse
1761 3975 1790 4030 ο)
1808 3969 1840 4021 F.

768 4043 809 4090 10.
843 4038 871 4089 in
889 4038 1011 4090 nltimam
1028 4036 1110 4103 recipi
1128 4036 1271 4087 medentur
1291 4050 1410 4102 sperum
1456 4069 1464 4085 .
1484 4062 1519 4075 -
1538 4036 1649 4102 aplanes
1668 4042 1711 4095 (et
1728 4037 1758 4087 h.
1777 4038 1795 4087 Ι.
1812 4044 1842 4088 et

665 4107 753 4166 inira)
771 4106 841 4156 Mes.
861 4105 976 4156 etuas.
995 4131 1028 4143 -
1050 4104 1181 4156 desiderio
1198 4103 1314 4169 corporis
1331 4102 1462 4154 instaretis
1484 4102 1534 4153 Rl.
1553 4129 1589 4141 -
1608 4103 1725 4169 gelasia
1747 4102 1840 4157 BFSP

665 4174 808 4226 araas-z.
843 4173 968 4241 gelasii
986 4176 1029 4224 sl.
1063 4172 1205 4242 galaxian
1221 4168 1383 4237 vil-gthu.
1402 4170 1537 4236 prohsute
1554 4168 1670 4220 zaunio.

699 4334 725 4380 7.
760 4329 903 4398 indigetes]
913 4328 1032 4382 Hesiodi
1046 4345 1146 4381 versas
1156 4345 1226 4395 qnos
1276 4324 1389 4393 digetes
1407 4340 1471 4375 esse
1487 4322 1601 4377 denses
1617 4321 1778 4375 hominihus
1796 4324 1840 4377 la-

666 4397 755 4449 latine
779 4399 865 4449 vertit
886 4398 1062 4464 Macrobius,
1091 4399 1227 4466 leguntur
1277 4399 1338 4444 atos
1358 4392 1441 4460 qussi
1462 4390 1491 4443 in
1516 4392 1571 4445 diis
1595 4400 1721 4460 egentes.
1758 4392 1839 4445 coni.

666 4464 717 4529 0p.
738 4472 765 4516 et
786 4464 818 4514 1).
837 4465 861 4526 1,
882 4468 927 4515 121
948 4481 1006 4532 sqq.
1276 4462 1418 4529 Hsrtung‚
1438 4460 1534 4529 Relig.
1552 4462 1580 4513 d.
1594 4462 1676 4513 Bias.
1694 4461 1751 4515 vol.
1768 4461 1791 4525 l,
1810 4480 1838 4530 p.

668 4532 721 4584 Tol
741 4528 792 4598 plo
809 4527 938 4599 δαίμονές
955 4530 1006 4584 alos
1021 4527 1091 4595 Διὸς
1108 4527 1226 4600 payoiioo
1277 4534 1310 4581 81
1331 4545 1392 4594 sq.
1814 4553 1817 4558 .

972 4596 1020 4684 ⁶⁶⁰⁸}
1037 4596 1147 4670 βουλάς,
1306 4600 1371 4663 sato
1410 4594 1430 4647 i.
1449 4610 1473 4647 a.
1491 4592 1593 4659 effato,
1618 4593 1746 4647 consilio.
1782 4595 1839 4649 Re-

660 4662 781 4735 Ἐσθλοὶ,
798 4662 962 4735 ἐπιχθόνιοι,
980 4668 1098 4734 quiem
1113 4666 1226 4734 θνητῶν
1275 4664 1396 4734 spondet
1414 4662 1523 4715 Graeco
1542 4658 1588 4714 0ιὰ
1605 4662 1716 4732 βουλῆς.

967 4731 1137 4801 ἀνθρώπων,
1308 4736 1335 4783 8.
1370 4732 1479 4783 aethera
1550 4732 1695 4850 lurqiorem
1709 4730 1774 4799 eta]
1791 4729 1838 4783 Si·

664 4800 751 4873 Οἴροι
762 4798 950 4873 pesdemonte
961 4820 991 4857 ss
1005 4802 1084 4864 δίκας
1101 4798 1149 4854 eorl
1166 4796 1225 4869 σχέ-
1273 4798 1394 4868 gnificat
1413 4799 1492 4868 Virg.
1512 4798 1580 4852 hon.
1613 4799 1649 4864 ·1,
1672 4815 1771 4852 versus
1786 4802 1839 4851 640

967 4872 1029 4923 rica
1045 4867 1120 4937 ἔργα,
1274 4876 1302 4921 et
1320 4870 1380 4920 611.

656 4931 741 5005 ’ulae
769 4933 925 5004 ἑσσάμενοι,
956 4936 1046 5007 πάντῃ
1074 4936 1224 5004 φοιτῶντες
1308 4940 1349 4988 10.
1384 4951 1444 4987 carre
1460 4934 1490 4986 in
1504 4932 1636 5005 γαλαξίᾳ,
1655 4949 1731 5000 quern
1749 4926 1838 4985 daln-

967 5000 1008 5057 ἐπ’
1027 5000 1102 5070 αἶαν,
1270 4998 1322 5071 virs,-
1350 5004 1478 5065 eontinet,
1509 5019 1593 5054 sermo
1620 5004 1670 5054 iste
1695 5000 1835 5068 procedat]

664 5070 867 5140 Πλοοσοδότοιι,
883 5070 931 5125 eorl
947 5074 1032 5125 τοῦτο
1047 5068 1129 5139 γέρας
1143 5070 1222 5140 βασι·
1272 5070 1292 5122 i.
1310 5088 1334 5122 a.
1353 5071 1496 5122 hahentur.
1533 5069 1614 5120 Conl.
1634 5086 1658 5119 c.
1675 5073 1706 5129 6,
1725 5068 1739 5133 5
1757 5071 1787 5130 43
1810 5085 1834 5119 e.

967 5135 1045 5207 λήϊον
1063 5137 1150 5206 ἔσχον.
1271 5142 1315 5203 10,
1333 5139 1346 5203 fi
1363 5142 1393 5200 σς
1412 5155 1435 5189 ο.
1457 5142 1497 5200 le,
1513 5137 1566 5198 02,
1587 5142 1616 5188 et
1636 5138 1671 5188 cle
1691 5143 1749 5185 tota
1770 5152 1835 5187 sea-

700 5209 845 5277 lndigetes]
872 5207 989 5260 Servius
1007 5208 1041 5260 ad
1058 5207 1134 5275 Virg.
1154 5206 1220 5259 llen.
1271 5206 1359 5258 tentia
1377 5222 1400 5257 ο.
1419 5209 1448 5268 4,
1469 5206 1483 5271 5
1502 5210 1535 5270 53
1560 5222 1584 5258 e.
1604 5207 1652 5269 14,
1671 5202 1701 5269 §5
1720 5206 1765 5254 23.
1783 5206 1832 5267 ²43

659 5274 728 5341 Xll,
752 5279 812 5329 191.
832 5275 875 5329 ait
891 5278 1027 5343 quosdam
1046 5276 1159 5329 tradere
1178 5275 1221 5330 in·
1270 5291 1296 5325 c.
1315 5278 1362 5339 15,
1380 5274 1394 5340 5
1415 5277 1439 5325 1.
